2644 4000
522 50 795 178 'ar'

20 381 28 407 ‚
148 310 269 402 gisset,
294 289 381 383 eum
407 291 746 404 reducere'noluit:
778 303 861 378 Tur
933 312 1001 389 est,
1027 301 1160 416 inquit,
1275 313 1311 386 s

141 406 302 482 Manem
319 406 393 481 sine
408 404 580 500 Diogene
595 427 699 498 posse
712 403 847 488 vivere,
898 425 1065 496 rogencm
1084 425 1159 476 srne
1235 467 1238 480 .

150 503 265 578 Mane
298 527 368 578 non
402 525 518 598 posse.
595 499 687 574 Oum
718 501 864 574 vidisset
888 523 1044 598 puerum
1071 497 1160 574 card

18 577 25 596 ⁸
146 613 259 678 'mano
271 601 456 675 bibentem
466 623 611 695 aquam,
623 599 730 695 fregit
742 597 1067 696 protinoscalicem
1076 619 1162 669 cum

149 699 221 776 hec
237 698 489 797 objurgatione
512 696 590 770 sui:
617 696 804 778 Quamdiu
819 697 930 770 homo
947 696 1080 770 stultus
1107 717 1169 778 su·¹
1198 780 1203 798 x

139 821 350 893 pervacuus
366 795 558 870 sarcinulas
574 794 703 870 habui!
982 795 989 808 '

151 979 250 1074 Quis
267 993 348 1079 fuit,
364 992 564 1070 horrendos
580 991 717 1089 primos
733 991 799 1089 qui
817 988 969 1086 protulit
986 985 1114 1064 ensesi

203 1088 327 1171 Quam
345 1089 456 1176 ferus,
472 1100 511 1164 et
528 1091 613 1164 rere
632 1085 781 1175 ferreus,
799 1088 860 1163 illc
878 1085 968 1161 suit!

152 1186 260 1260 Tunc
277 1189 396 1262 caedee
413 1189 598 1272 hominum
616 1186 752 1283 generi,
770 1195 848 1260 tum
866 1185 992 1281 praelia
1009 1192 1115 1270 nala3
1220 1269 1225 1282 ⁴

201 1283 304 1359 Tum
323 1284 472 1359 brevior
488 1285 578 1362 dire
594 1284 719 1360 mortis
735 1294 859 1382 aperte
876 1281 935 1356 via
951 1289 1015 1356 est.

200 1479 293 1556 cum
319 1481 528 1565 adolescens
548 1480 708 1577 fragrans
740 1486 940 1576 unguento
955 1480 1164 1554 accessisset

149 1577 194 1651 ad
212 1577 491 1676 Vespasianum,
503 1589 546 1662 nt
565 1603 631 1676 pro
648 1577 842 1674 impetrato
857 1577 1068 1672 magistratu
1086 1603 1164 1675 gra-

150 1675 217 1749 tias
243 1686 381 1772 egeret,
403 1676 473 1761 hic,
500 1700 545 1750 ne
570 1699 682 1790 quam
707 1674 933 1754 occasionem
958 1675 1163 1774 corrigendi
1185 1690 1187 1696 '

151 1771 376 1868 disciplinam
415 1780 720 1869 pretermrtlcret,
753 1771 1023 1845 adolescentem
1058 1776 1163 1848 vultu

147 1881 368 1964 aspernatus,
386 1895 477 1944 voce
495 1870 604 1945 etiam
621 1869 829 1965 gravissimi
855 1867 1055 1964 increpuit:
1068 1872 1165 1946 xilla·
1278 1894 1281 1903 ’

150 1963 448 2080 luisscmallium
472 1968 692 2053 oboluisses3
717 1987 925 2062 munusque
950 1977 1165 2046 concessum'

152 2073 346 2138 revocavit
363 2127 364 2131 ,
1013 2089 1014 2096 “

109 2305 114 2316 ,
148 2257 213 2332 Ad
230 2283 374 2333 coenam
392 2284 509 2356 nuper
525 2261 651 2334 Varus
666 2283 725 2334 me
743 2257 839 2334 forle
857 2261 1015 2347 vocavit,
1034 2317 1038 2321 -
1118 2259 1120 2265 ’

138 2405 140 2413 ·
201 2356 359 2428 Ornatus
375 2356 487 2444 dives,
505 2358 657 2455 parvula
673 2360 790 2443 coena,
809 2357 887 2431 suit.

151 2450 271 2537 Auro,
288 2476 360 2526 non
377 2453 542 2550 dapibus,
559 2453 732 2528 oneratur
746 2479 887 2529 mensa:
913 2450 1066 2530 ministri

123 2549 126 2558 '
198 2548 406 2645 Apponunt
422 2552 539 2624 oculis
556 2552 722 2650 plurima,
740 2575 857 2649 pauca
873 2554 984 2651 gulae.

150 2643 261 2720 Tunc
277 2671 370 2743 ego:
389 2647 476 2723 Non
493 2650 632 2736 oculos,
648 2651 710 2723 sed
722 2659 886 2726 ventrem
897 2647 1044 2748 pascere
1056 2651 1163 2742 venir
1315 2683 1317 2690 ’

39 2792 45 2800 -
199 2743 281 2819 Ant
297 2769 440 2842 appone
458 2747 580 2843 dapes,
598 2746 710 2832 Vere,
728 2748 787 2830 vel
803 2747 906 2823 aufer
927 2772 1026 2845 opes.
1064 2821 1066 2826 ,

198 2938 378 3020 Quotidie
395 2945 439 3017 ad
458 2942 635 3019 rationem
661 2943 881 3018 reddendam
907 2948 1090 3020 vocandos
1106 2957 1163 3022 est

69 3117 72 3124 .
128 3037 299 3112 animus.
348 3038 525 3116 Faciebat
552 3042 621 3116 hoc
649 3041 808 3128 Sextius,
835 3053 887 3134 ut,
911 3055 1162 3119 consummato

131 3134 219 3221 dic,
236 3137 321 3210 cum
341 3162 379 3213 se
397 3141 441 3213 ad
460 3135 672 3214 nocturnam
697 3139 860 3237 quietem
879 3141 1084 3238 recepisset,
1110 3142 1162 3215 in·
1235 3147 1240 3156 “

126 3242 350 3331 -terrogaret
381 3238 542 3313 animum
575 3261 714 3313 soumt·
735 3231 848 3317 Quod
883 3239 989 3314 hodie
1023 3241 1160 3315 melum
