2644 4000
652 93 724 158 at·
775 40 779 44 ·

214 277 392 367 Pueritia‚
406 303 575 399 somnus
585 276 1104 394 imprudentia‚vinoleutia,'
1092 303 1185 356 msa·

164 378 235 463 nia,
249 380 330 476 ejus
347 383 495 481 generis
508 391 605 470 sunt,
618 383 821 487 exquibus
835 377 1035 484 saepissime
1053 405 1186 464 verum

163 479 324 586 auditur.
418 553 420 557 ,
566 551 571 563 ,

529 586 533 596 .
770 588 827 623 s·

162 639 395 768 cedimus,⁸
384 653 500 781 mque
519 683 641 761 vicem
658 685 868 802 praebemus
892 707 1000 764 crura
1016 681 1185 788 flagellis
1284 732 1288 742 =
1314 743 1317 781 2

1308 834 1317 1065 t

78 859 84 868 ‚
162 777 317 856 Vivitur
334 783 404 858 hoe
422 792 585 880 pactu

214 977 355 1055 Orestis
381 991 420 1058 et
445 983 598 1081 Pyladis
625 984 788 1062 amicitia
814 983 1062 1065 immortalem
1082 986 1185 1082 apud

66 1111 70 1116 ·
162 1070 330 1175 posteros
349 1082 481 1160 famam
499 1087 635 1182 adepta
652 1095 719 1161 est.
772 1085 876 1168 Quid
899 1085 998 1162 euim
1019 1085 1188 1161 celebra

136 1192 240 1274 ¹tum
259 1184 387 1300 magis,
411 1195 525 1282 quam
551 1184 701 1262 illorum
728 1211 854 1260 coram
882 1185 1003 1284 Rege
1009 1185 1185 1282 Thoante

161 1283 363 1370 contentio,
391 1295 474 1360 uter
499 1283 735 1362 morereturl
763 1285 867 1363 Dum
890 1287 985 1362 alter
1004 1285 1188 1361 niteretur

143 1380 208 1454 ab
237 1383 355 1456 altero
381 1384 571 1482 depellere
599 1387 739 1463 crimen
766 1396 804 1461 et
832 1383 1009 1472 criminis.
1017 1408 1185 1484 umnam,

46 1581 47 1586 Ἰ
161 1483 305 1578 atque
295 1508 331 1556 ιη
351 1509 388 1558 se
407 1487 630 1561 transferre:
648 1489 758 1572 dum,
756 1485 959 1584 ignorante
976 1485 1085 1585 Rege
1102 1495 1187 1562 uter

161 1605 292 1658 eorum
309 1594 405 1659 esset
425 1585 588 1673 Orestes,
603 1587 766 1684 Pylades
784 1586 957 1662 Orestem
975 1611 1014 1660 se
1033 1612 1112 1663 esse
1131 1586 1184 1660 di

109 1703 113 1712 ·
161 1692 276 1768 cerat,
304 1694 342 1758 ut
371 1710 439 1782 pro
465 1687 530 1760 illu
558 1698 781 1782 necaretur3
808 1686 960 1778 Orestes
977 1685 1184 1774 artemam
1269 1759 1275 1770 ,

126 1801 128 1810 ·
162 1791 311 1871 uteret,
331 1784 502 1865 Orestem
521 1813 559 1864 se
577 1813 658 1890 esse
676 1785 945 1889 perseueraret.

161 1981 325 2082 Surgite,
341 1971 416 2083 jam
434 1968 561 2061 vendit
578 1986 705 2083 pueris
716 1929 909 2082 ‚jentacula
927 1987 1056 2083 pistor,

106 2077 112 2096 “
210 2083 454 2188 Cristataeque
472 2095 601 2162 sonant
619 2086 786 2185 undique
804 2085 898 2160 lucis
915 2109 1014 2166 aves.

211 2279 329 2360 Noli
320 2285 400 2358 imit
401 2311 455 2359 arr
385 2285 588 2359 tmalos
606 2284 784 2371 medicea,
797 2282 867 2382 qui
884 2281 921 2357 in
939 2283 1067 2359 alienis
1085 2307 1180 2357 mor

161 2381 215 2459 bis
233 2385 458 2480 profitentur
475 2410 514 2458 se
531 2396 659 2461 tenere
677 2384 873 2478 medicinae
891 2383 1095 2472 scientiam,
1112 2383 1183 2482 ipsi

162 2509 350 2560 securare
370 2511 443 2562 nun
462 2495 629 2582 possunt.

117 2735 123 2754 .
160 2683 215 2760 Ut
235 2660 411 2802 jugulent
429 2685 607 2772 homiues,
625 2611 781 2786 surgunt-
799 2684 846 2759 de
866 2651 976 2760 nocte
995 2685 1183 2770 latrones3

159 2786 217 2867 Ut
234 2788 408 2883 teipsum
414 2811 549 2914 serves,
568 2813 640 2864 uun
657 2783 955 2928 expergiscerisl
1028 2894 1033 2899 .
1079 2823 1081 2828 .

90 2961 92 2969 Δ
207 2989 256 3062 ’.Γ
274 2986 513 3073 Volumnius,
537 2987 809 3084 equestriloco
828 2993 948 3072 natus,
968 2973 1024 3058 Μ.
1044 2935 1184 3060 Lucul-
1222 2967 1254 3019 A

33 3141 36 3148 -
138 3093 234 3167 ‘lum
260 3087 491 3179 familiariter
517 3088 697 3162 coluerat.
749 3087 852 3162 Eum
878 3111 900 3158 a
928 3085 995 3160 Μ.
1012 3083 1181 3160 Antonio

156 3192 395 3272 interemtum
410 3193 494 3266 riam
509 3187 671 3274 vidisset,
686 3199 724 3262 et
743 3188 873 3261 liceret
889 3183 979 3284 fugai
993 3185 1080 3260 vitae
1098 3208 1185 3258 con·
1296 3271 1298 3278 y

156 3293 291 3382 sulere,
308 3287 608 3392 exajimiffiamico
625 3288 843 3374 adhaesit,
816 3312 868 3361 sie
880 3286 930 3394 iu
942 3287 1129 3385 lacrymas
1146 3291 1184 3360 et
