2644 4000
398 217 399 221 ,
538 161 638 238 ,11’
756 219 760 229 ,

105 352 290 426 Romulus
308 347 485 426 Romane
502 351 673 445 conditor
690 351 792 429 urbis
805 360 895 428 erat.

105 450 270 527 Victima
286 450 413 526 mortis
439 451 522 532 cris.

104 551 191 626 Non
205 552 325 625 incola
341 551 485 637 montio,
503 575 575 625 non
592 575 663 649 ego
682 575 763 628 sum
781 562 915 650 pastori

103 651 292 749 Penelope
311 651 448 748 conjux
465 649 615 748 Ulyssis
629 659 717 726 erat.

67 843 69 850 χ
102 751 181 825 Pan
199 750 306 834 Deus
320 750 493 824 Arcadiae
510 757 576 826 est.
625 779 627 785 ·

1 929 4 936 ,
38 871 43 881 ·
103 850 287 952 Magister
303 847 390 922 artis
406 859 536 924 venter
551 858 620 925 est.
696 857 698 866 ‘

1 979 3 984 ⁴
102 949 289 1024 Villarum
307 946 631 1024 culminafumant}

101 1048 210 1124 Canis
227 1047 363 1143 leporis
380 1048 536 1146 vestigia
553 1047 734 1146 sequitur.
775 1085 777 1092 ¹
832 1112 838 1126 ,

76 1241 78 1246 ,
102 1147 217 1221 Miles
233 1145 339 1220 timet
356 1150 524 1245 sagittam
544 1148 668 1222 hostie.

86 1246 171 1321 ,Est
189 1247 362 1319 calcanda
379 1248 493 1322 semel
509 1245 570 1337 via
584 1247 708 1322 lethi·
846 1280 896 1327 ῃ
997 1283 1008 1296 -
1069 1249 1114 1315 10

100 1345 231 1420 Fortia
247 1353 439 1420 taurorum
459 1371 616 1442 corpora
633 1345 767 1444 frangit
783 1367 888 1442 opus.

2 1437 3 1468 ³
101 1445 312 1518 Ventorum
331 1453 436 1540 pater
452 1433 705 1541 regilliavem.
889 1447 891 1450 ’

102 1543 200 1624 Quis
214 1568 284 1616 non
302 1567 428 1617 causas
446 1545 545 1619 mille
564 1544 701 1618 doloris
717 1542 854 1618 habetl

2 1669 5 1674 ’
45 1655 48 1660 “
100 1643 254 1722 Numen
270 1642 435 1717 divinum
461 1652 517 1718 est
534 1644 614 1718 lons
631 1642 816 1717 bonitatis.
986 1703 988 1708 .

100 1742 162 1816 Ira
176 1750 231 1817 est
249 1741 392 1816 initium
409 1743 568 1818 insaniae.
893 1747 895 1751 ’

102 1841 193 1917 Vita
210 1841 363 1914 hominis
383 1842 458 1917 s'ine
476 1842 706 1916 literismors
724 1849 791 1918 est.

94 1940 276 2016 Omnium
293 1963 418 2014 rerum
431 1940 645 2015 vicissitudo
665 1938 731 2016 est.
780 2015 781 2019 ,

102 2038 278 2115 Omnium
296 2038 647 2130 malorumstultitia
663 2048 718 2112 est
736 2046 864 2122 mater.
889 2100 893 2108 s

99 2137 242 2236 Magna
259 2161 340 2234 spes
357 2137 466 2212 estin
484 2138 647 2214 bonitate
662 2138 749 2214 Dei.
856 2195 858 2197 -

100 2235 1112 2348 Maximam-cepilaetitiamexcarissimipatrisepistolt.

415 2465 419 2478 ·
514 2449 701 2546 Irpiuitioe.

103 2631 162 2707 Te
178 2633 293 2732 cupio
309 2633 449 2710 videre.
815 2709 819 2714 .
958 2670 963 2684 ·
1046 2647 1109 2715 ·21

101 2731 220 2806 Volui
237 2734 409 2811 dormire.
982 2747 985 2753 ’

102 2832 217 2905 Auda
236 2841 472 2908 contemnere
490 2860 593 2932 opes.
703 2905 706 2912 .

104 2929 275 3007 Carmina
292 2957 486 3029 possumus
510 2935 659 3012 donare.

104 3029 328 3127 Sepulcrum
345 3033 475 3131 incipit
489 3041 680 3132 apparere.

78 3142 80 3146 ’
103 3119 278 3208 Poteram
296 3131 510 3234 contingere
524 3159 656 3211 ramos.

104 3228 234 3402 Ingipp
252 3254 478 3330 cognoscere
496 3247 663 3310 matrem.

199 3355 239 3403 e.
604 3359 624 3406 c
644 3354 649 3368 ’
