2644 4000
520 139 632 222 -4'3

105 302 212 441 Haeo,
230 372 316 448 quse
334 345 483 423 Picenis
500 345 600 420 venit
619 347 801 432 subducta
818 342 982 440 trapetis,

156 451 324 535 Inchoat,
335 457 456 546 atque
474 446 604 520 eadem
622 447 714 531 finit,
688 443 841 546 telina,
860 445 984 540 dapes
1092 551 1096 556 .

157 651 254 725 (idm
281 628 446 729 Quintus
472 645 601 720 Labeo
635 641 765 742 paetus
795 621 891 718 esset
921 667 1006 716 cum
1034 664 1124 736 rege

43 801 50 814 x
106 749 310 836 Antroolro,
324 766 438 846 quem
455 746 556 822 bello
574 748 823 842 superaveras,
843 751 883 816 nt
899 746 946 815 ab
959 767 1005 816 eo
1021 739 1127 812 drmr

106 850 206 925 diam
221 848 347 923 classis
363 857 505 963 partem
522 846 723 942 acciperat
752 843 871 920 fertur
893 865 1020 918 omues
1044 839 1126 956 ojus

71 985 89 1010 r
107 974 217 1024 neves
226 948 373 1061 medias
399 945 571 1033 secuisse,
597 953 637 1032 ut
661 969 786 1043 regem
815 948 892 1022 tota
913 943 1028 1017 classe
1052 940 1125 1036 pri·

105 1057 222 1123 varet
313 1107 314 1114 1

1 1280 4 1290 ’
106 1246 239 1323 Omnia
256 1255 472 1324 vertuntur:
498 1251 600 1323 certe
618 1253 813 1325 vertuntur
831 1267 993 1318 amores„
1033 1309 1039 1320 .
1087 1317 1088 1320 ,

16 1355 18 1362 “
97 1418 100 1422 ,
149 1346 343 1438 Vincsris,
360 1355 425 1422 aut
441 1347 580 1433 vineis
606 1347 684 1464 haec
703 1346 738 1417 in
754 1369 879 1420 amore
898 1352 980 1416 rota
993 1350 1059 1416 est

12 1601 23 1617 .
101 1585 104 1591 =
117 1544 339 1619 Valrdror
345 1554 402 1620 est
415 1549 546 1620 decem
562 1544 923 1618 virorumbonorum
935 1539 1125 1621 sententia

5 1692 18 1709 κ
104 1645 349 1793 quamtotius
367 1644 641 1757 multitudinis
631 1644 825 1740 rmperitae.

1 1884 2 1889 =
86 1851 88 1854 ’
105 1843 180 1918 Per
193 1843 314 1917 varios
331 1866 418 1916 usus
434 1852 552 1918 artem
569 1843 801 1938 experientia
825 1842 927 1929 lecit,
953 1834 957 1854 '

1 2037 2 2060 Χ
106 1941 296 2086 Exemplo
314 1950 537 2054 monstrante
555 1942 662 2017 viam

157 2139 276 2227 Servi,
306 2139 374 2239 qui
415 2141 566 2216 domino
600 2141 773 2223 clementi
803 2153 841 2217 et
875 2143 1045 2241 benigno
1071 2139 1127 2214 usi

104 2237 254 2327 fuerint,
278 2263 349 2337 pro
367 2237 525 2315 domino
532 2242 654 2358 parati
676 2239 786 2316 erunt
799 2242 989 2360 porrigere
1013 2239 1129 2317 cervi·

6 2371 9 2378 ⁴
106 2347 250 2456 semet
263 2338 517 2480 periculum
484 2340 722 2416 erimminens
740 2341 776 2414 in
794 2341 933 2478 seipsos
946 2350 1127 2416 avertere.

107 2536 334 2638 Argentum,
355 2543 477 2638 atque
506 2561 650 2627 aurum,
678 2541 785 2615 facile
813 2549 899 2627 est
908 2493 1128 2638 laenamque,

235 2647 459 2738 togamque
668 2696 673 2709 .

106 2737 338 2828 Mittere3
363 2738 516 2854 boletos
527 2738 673 2817 mittere
688 2709 840 2817 difficile
859 2750 926 2816 est.

96 2933 390 3021 Animum
356 2961 517 3025 vincere,
535 2899 761 3016 iracundiam
777 2941 966 3029 cohibere,
980 2943 1128 3018 victori-

103 3028 166 3108 am
184 3042 405 3132 temperare,
428 3040 677 3114 adversarium
705 3066 776 3114 non
805 3043 914 3117 modd
945 3045 1125 3118 extollere

1 3203 2 3256 p
100 3134 301 3230 jacentem,
331 3139 395 3212 sed
425 3139 536 3214 etiam
572 3141 799 3238 amplificare
831 3144 912 3244 ejus
936 3143 1126 3242 pristinam
1220 3215 1221 3223 ,

0 3273 1 3278 =
106 3233 336 3334 dronrtatern,
350 3233 569 3333 praeclarum
587 3251 653 3316 est
755 3277 766 3297 ν

147 3475 152 3484 =
256 3437 439 3536 Ingenuus
455 3437 625 3513 didicisse
644 3385 805 3515 lideliter
822 3412 918 3518 artes

118 3531 317 3610 Emollit
333 3562 465 3626 mores,
483 3563 552 3614 333
571 3539 657 3615 sinit
671 3565 752 3616 esse
771 3541 881 3622 seros.

114 3632 247 3710 Del
611 3663 634 3712 o
