2644 4000
685 143 734 216 42

236 343 330 420 Cum
357 343 426 417 sint
452 344 527 416 duo
557 366 693 440 genera
725 341 951 428 decertandi,
986 364 1098 416 unum
1133 362 1205 440 per
1311 389 1312 396 κ

184 440 500 542 disceptationem,
518 443 675 518 alterum
690 467 757 538 per
772 443 868 516 vim.
896 442 987 516 itiud
1008 443 1201 539 proprium

185 543 341 618 homrnrs
357 555 423 629 est
426 543 511 616 hoc
531 543 748 617 belluarum
800 541 930 636 Quare
955 543 1040 617 ideo
1059 547 1201 619 tantdm
1312 623 1313 650 p

74 711 81 728 ,
186 644 285 718 bella
315 643 545 738 suscipienda
575 653 669 722 sunt
697 651 737 717 ut
766 641 843 715 sine
873 642 1005 738 injurii
1038 643 1074 717 in
1108 669 1199 739 pace

62 767 67 776 “
182 743 337 816 vivatur.
399 743 646 818 Partiautem
664 741 832 827 victoria,
849 744 1088 818 conservandi
1116 751 1200 819 suut
1312 751 1313 780 ¹

183 841 234 928 ii:
260 843 329 940 qui
371 868 442 917 non
476 843 646 916 crudeles
678 843 715 914 in
750 842 863 928 belle,
906 869 977 916 non
1013 843 1200 932 immanes,

67 953 69 957 '
183 941 346 1021 fuerunt.
398 942 461 1016 Sic
481 941 641 1016 Romani
667 941 834 1028 Sabinos,
854 943 1012 1041 AEquns,
1030 942 1202 1030 Volscos,

183 1041 332 1116 etiam
322 1068 358 1115 rn
379 1043 565 1116 civitatem
595 1049 853 1138 acceperunt:
873 1053 910 1116 at
940 1043 1200 1142 Carthaginem
1313 1097 1314 1118 t

139 1187 143 1196 ι
184 1151 222 1216 et
240 1139 479 1216 Numantiam
498 1141 662 1216 funditus
679 1142 918 1217 sustulerunt

183 1338 270 1413 Non
289 1341 439 1426 domus,
449 1349 486 1415 et
505 1339 652 1456 fundus,
669 1359 744 1426 non
756 1340 837 1417 aeris
853 1365 1008 1416 acervus
1025 1352 1064 1417 et
1080 1347 1175 1430 auri,
1200 1333 1204 1344 ’

180 1440 339 1536 AEgroto
357 1415 674 1516 domincdeduxit
691 1465 847 1537 corpore
866 1440 1001 1530 febres,
1064 1499 1113 1511 .,
1223 1456 1226 1463 ·

156 1609 159 1616 ,
182 1539 269 1614 Non
288 1539 409 1615 animo
427 1566 545 1615 curas.

148 1755 169 1840 ᾖ
193 1740 196 1750 '
230 1739 494 1817 Exercendum
511 1750 566 1814 est
584 1763 732 1834 corpus
746 1749 785 1814 et
802 1741 852 1813 ita
875 1738 1124 1828 efficiendum,
1156 1745 1197 1816 ut
1213 1767 1220 1781 ⁸

179 1840 330 1915 obedire
359 1839 513 1914 consilio
541 1838 748 1935 rationique
767 1838 893 1934 possit,
912 1840 947 1914 in
965 1843 1194 1939 exequendis

123 1980 129 1991 ·
151 1953 155 1960 '
183 1941 351 2038 negotiis,
368 1953 406 2016 et
424 1940 459 2013 in
479 1939 605 2013 labore
624 1939 825 2013 toleranda.

180 2136 513 2224 Ah,nnlinimii1m
532 2106 739 2212 confidere:
767 2163 863 2234 saepe
882 2137 1030 2233 Cupido

229 2237 333 2312 Huic
350 2239 467 2312 malus
484 2263 562 2312 esse
581 2239 685 2324 solet,
703 2238 766 2328 cui
785 2241 900 2317 bonus
917 2243 999 2314 ante
1015 2237 1094 2312 suit.
1162 2303 1164 2310 ,

127 2465 131 2472 ·
231 2435 300 2510 Ille
319 2436 499 2532 peccavit,
513 2437 580 2533 qui
598 2442 682 2514 cdm
701 2437 849 2532 triginta
866 2435 1011 2511 dierum
1040 2435 1198 2510 induciae

180 2546 433 2632 essentpactae'
451 2560 535 2620 curn
554 2538 670 2623 hoste,
700 2551 808 2611 nocte
836 2539 1086 2632 populabatur
1118 2535 1200 2632 ejus

189 2661 320 2737 agros:
361 2637 476 2734 quiid,
494 2637 698 2753 inquiebat,
712 2639 857 2712 dierum
892 2637 1051 2712 induciae
1082 2646 1201 2732 pactae

70 2767 73 2776 ·
180 2745 313 2821 essent,
331 2761 402 2808 non
421 2737 629 2851 noctium...

163 2919 375 3010 ¹Omiseras
390 2934 579 3010 bominum
597 2938 759 3012 mentes!
788 2937 822 3010 0
840 2946 992 3055 pectora
1010 2937 1128 3010 caeca!

84 3123 86 3126 ,
178 3034 392 3115 Qualibus
383 3062 419 3108 rn
436 3037 598 3113 tenebris
617 3040 712 3123 vitae,
730 3038 955 3137 quantisque
974 3036 1124 3134 periclis

179 3135 342 3233 Degitur
359 3137 429 3210 hoc
449 3137 569 3224 aevi!

226 3281 330 3392 Nihil
349 3328 415 3405 est,
443 3345 512 3392 non
539 3320 695 3395 dicam
685 3347 734 3395 rn
730 3320 906 3408 homine,
928 3301 1034 3394 sed
1023 3343 1060 3391 rn
1090 3316 1193 3390 omni

76 3471 90 3484 -
179 3419 276 3493 eaelo
294 3429 407 3516 atque
418 3420 529 3508 terra
544 3419 884 3516 Rationedivinius,
902 3445 1000 3537 quae,
1015 3419 1100 3492 crim
1112 3419 1199 3490 ada·
1307 3439 1310 3448 ’

146 3521 280 3644 tevit
298 3527 411 3616 atque
429 3507 595 3672 perfecta
608 3533 675 3610 est,
690 3523 898 3598 nominatur
911 3520 981 3621 rite
994 3516 1196 3616 Sapientia.
