2644 4000
708 143 752 211 16

66 417 68 420 ,
167 358 169 364 ’
212 339 378 415 Fortuna
394 360 485 436 opes
500 334 658 432 auferre,
675 359 747 411 non
772 335 933 414 animum
951 347 1083 439 potest.

211 441 326 514 Fama
352 446 409 514 est
425 437 594 522 mendox,
610 436 810 534 veloxque.
1047 459 1051 466 ·

200 540 335 634 ,Dulce
352 548 390 613 et
407 538 584 612 decorum
600 544 656 611 est
669 561 737 633 pro
755 535 873 633 patrii
891 531 995 614 mori.

210 639 250 713 N
251 665 310 725 on,
327 661 414 736 quae
431 636 620 734 praeteriit,
637 636 725 712 hora
742 636 863 712 redire
887 645 1020 734 potest.
1199 722 1204 726 ,

208 738 330 824 Felix,
347 737 414 835 qui
431 735 552 834 potuit
569 760 693 812 rerum
710 761 934 834 cognoscere
952 761 1091 814 causas.
1193 747 1218 811 5

207 837 327 912 Morti
343 836 431 911 nihil
448 843 504 910 est
520 845 593 911 tam
611 835 740 924 simile,
753 841 867 935 quim
884 861 1042 914 somnus.

206 938 373 1012 Fortuna
389 935 513 1010 multis
529 938 591 1010 dat
608 934 725 1023 nimis,
742 937 827 1010 satis
843 936 945 1012 nulli.

206 1037 354 1118 Quaerit
370 1059 486 1136 aquas
499 1035 535 1110 in
552 1036 659 1134 aquis
676 1035 867 1114 Tantalus.

202 1136 353 1212 Peccati
369 1136 476 1211 dolor
492 1145 532 1211 el
547 1136 725 1211 maximus
742 1144 780 1210 et
797 1144 955 1214 aeternus
971 1144 1037 1212 est

204 1235 318 1311 Rosae
330 1234 474 1334 fulgent
488 1235 583 1310 inter
598 1235 675 1310 lilia
687 1229 821 1311 mixtae.
1169 1242 1215 1310 10

202 1336 310 1426 Mors
330 1334 458 1408 ultima
469 1334 565 1409 linea
578 1360 700 1411 rerum
718 1344 782 1412 est.

204 1433 349 1509 Stultus
367 1457 438 1508 non
455 1434 557 1508 novit
583 1434 767 1510 silentium
785 1459 942 1512 servare.
998 1465 1003 1476 ·

200 1533 367 1631 Dignum
385 1533 495 1610 laude
514 1534 636 1609 virum
655 1535 769 1632 Musa¹
784 1542 884 1610 vetat
896 1535 1001 1612 mori.

199 1633 305 1707 Bona
321 1632 541 1708 existimatio
558 1634 696 1709 divitiis
720 1643 879 1731 praestat.

1 1771 2 1774 ¹
127 1731 495 1818 Machorones,
513 1735 783 1812 totsententiae.
939 1749 943 1770 ¹
1024 1839 1028 1848 Ι
1162 1734 1210 1799 15

199 1832 400 1906 Dalocum
416 1831 642 1908 melioribus.
721 1865 725 1876 ·

197 1930 524 2028 Dictumsapienti
542 1940 596 2006 sat
612 1941 677 2007 est.
1050 1979 1055 1990 ·

195 2030 221 2104 J
226 2032 371 2105 ueunda
395 2039 449 2104 est
467 2032 643 2106 memoria
660 2033 931 2131 praeterilorum
948 2029 1141 2106 malorum.

196 2131 335 2204 Omnes
353 2129 439 2203 boni
452 2130 551 2204 beati
568 2141 662 2205 sunt.
758 2216 761 2223 ,
1126 2222 1129 2231 ¹

196 2229 335 2316 Beatus
348 2254 427 2318 esse
439 2230 515 2304 sine
532 2226 668 2307 virtute
682 2256 790 2306 nemo
808 2231 944 2327 potestss
1066 2292 1070 2306 ,
1157 2235 1207 2300 20

60 2357 62 2362 ¹
189 2329 383 2424 'Penelope
401 2329 588 2406 absentem
607 2325 787 2408 moerebat
800 2329 841 2406 U
844 2327 989 2427 lyss'em.

194 2428 376 2502 Homines
390 2429 562 2502 mortales
575 2442 669 2507 sunt.

193 2526 298 2602 Nihil
316 2552 461 2623 semper
477 2528 607 2603 floret:
634 2540 720 2607 aetas
736 2529 902 2606 succedit
920 2523 1028 2603 aetati.
1137 2584 1140 2589 .

80 2693 83 2700 .
190 2621 1202 2727 Crescitamornummi,quantl1mipsapecuniacrescit.

190 2727 324 2800 Jacent
341 2726 409 2799 sub
426 2727 556 2802 arbore
575 2753 693 2825 poma.
1152 2731 1201 2798 25
1304 2733 1307 2745 '

190 2826 376 2901 Memoria
394 2825 481 2898 nihil
498 2836 565 2916 est,
583 2828 650 2904 nisi
667 2853 841 2906 exerceas
858 2851 951 2903 eam.

188 2923 370 3024 Virgilius
387 2925 522 3022 patulae
539 2926 672 3002 cecinit
689 2926 935 3028 subtegmine
952 2923 1038 3028 fagi.

80 3096 84 3112 ,
180 3023 379 3106 ,Miltiades
394 3023 523 3100 Persas
539 3027 629 3101 vicit
640 3027 681 3100 'in
699 3029 823 3129 pugni
850 3021 1097 3104 Marathonia.

189 3124 360 3223 Regulus
377 3124 413 3197 in
428 3124 559 3204 Africi
576 3127 696 3203 rictus
722 3139 786 3206 est.
1087 3219 1090 3230 1

188 3224 322 3303 Poenas
340 3223 460 3302 Gallia
477 3226 573 3301 victa
593 3229 704 3305 dabit.
1150 3240 1199 3311 30

1313 92 1315 146 l

1313 183 1315 252 l

1314 339 1315 394 l

1313 405 1316 446 t
