2644 4000
653 122 929 222 arf

118 366 120 370 ·
249 343 389 445 Neque
415 345 597 444 ρεοιιιιίεε,
615 369 740 444 neque
757 354 858 426 tecta
873 344 1079 443 magnilica
1102 371 1227 450 neque
1289 406 1292 419 .

200 473 302 545 opes,
320 470 445 545 neque
473 447 639 543 imperia,
664 468 787 563 neque
805 442 1064 543 voluptates’
1054 470 1090 522 ιιι
1119 449 1228 524 bonis

198 548 309 622 rebus
320 548 556 623 numerandae
567 556 673 621 sunt:
692 547 835 644 quippe
850 545 1027 634 homines,
1041 547 1095 622 his
1110 547 1224 624 rebus
1311 635 1312 640 η

187 647 512 735 *circumfluentea
545 671 589 722 aa
623 646 831 722 desiderant
880 646 1052 734 maxime,
1083 649 1225 746 quibus
1286 697 1288 704 ·

197 749 395 824 abundant.

1301 829 1313 910 t

137 1019 141 1028 ,
197 945 322 1022 Dulce
343 945 437 1020 mori
455 945 607 1062 miseris,
625 947 689 1022 sed
707 972 806 1022 mors
823 955 950 1044 optata
967 947 1129 1023 resedit:

246 1047 301 1122 At
319 1049 404 1123 edm
422 1045 515 1120 trist
489 1057 534 1120 trs
551 1045 634 1134 erit,
652 1048 884 1226 praecipitata
897 1046 1008 1122 venit.

211 1247 460 1324 Alexandro
476 1171 638 1322 Orientis
650 1243 783 1325 victori
796 1249 977 1326 Corinthii
991 1271 1059 1347 per
1079 1249 1226 1348 legatos

140 1381 152 1398 -
195 1348 371 1446 gratulati
389 1358 485 1434 sunt,
502 1357 540 1422 et
567 1349 717 1426 civitate
745 1349 850 1424 illum
881 1353 948 1430 sua
979 1353 1224 1426 donaverunt.

184 1449 290 1526 'Cum
306 1448 446 1524 risisset
463 1447 680 1524 Alexander
698 1451 767 1524 hoc
786 1474 930 1536 mrrnus,
950 1472 1047 1527 unus
1059 1473 1107 1524 ex
1121 1453 1223 1552 lega·

165 1550 170 1582 ἰ
195 1548 264 1626 tis:
292 1549 412 1635 Nulli,
430 1549 564 1646 inquit,
578 1549 1021 1664 aliicivitatemunquam
1038 1550 1220 1638 dedimus,

195 1655 322 1767 quarn·
338 1647 510 1724 Herculi.
575 1649 677 1724 Tum
711 1656 800 1730 verri
835 1629 1050 1728 Ale'xander
1089 1651 1221 1726 lubens
1303 1673 1315 1716 t

196 1750 342 1848 accepit
369 1751 567 1822 honorem:
596 1773 719 1849 neque
747 1759 822 1826 tam
850 1777 916 1828 eos
947 1748 1124 1848 respexit,
1152 1747 1221 1850 qui

195 1849 264 1925 sibi
299 1849 487 1924 civitatem
522 1849 712 1936 donarent,
686 1857 863 1950 tquam
893 1853 1011 1938 illum,
1047 1851 1109 1923 cui
1140 1852 1214 1937 uni,
1277 1933 1315 1946 Ὗ

71 1945 72 1951 ’
192 1960 395 2053 antequam
413 1948 494 2034 sibi,
512 1905 772 2025 dedissent.

537 2152 685 2249 Majore
704 2154 865 2227 tumultu

194 2249 424 2370 Plangunt‘ur
441 2252 592 2338 nummi,
610 2257 725 2350 quam
743 2254 884 2328 funera.
910 2251 1032 2328 Nemo
1047 2250 1213 2326 dolorem
1314 2263 1316 2320 t

242 2349 397 2452 Fingit
386 2378 423 2428 ιιι
442 2355 511 2426 hoe
526 2377 625 2428 casu.

243 2552 530 2628 Consuetudinis
547 2579 679 2653 magna
695 2557 750 2629 ris
765 2562 844 2640 est,
870 2561 1089 2650 pernoctant
1108 2543 1228 2624 vena?

193 2669 291 2727 tores
312 2653 348 2733 in
367 2654 462 2740 nive'
480 2655 516 2728 in
534 2656 721 2729 mantibus
739 2654 797 2727 uri
809 2680 847 2729 se
862 2654 1064 2752 patiuntur.

229 2854 331 2928 Pica
347 2855 499 2952 loquar,
516 2856 619 2931 certa
637 2853 828 2930 dominum
845 2865 882 2932 te
899 2873 993 2929 voce
1008 2853 1151 2927 saluto

243 2953 284 3028 Sl
297 2976 357 3030 me
375 2979 447 3030 non
465 2957 602 3042 videas,
620 2979 698 3030 essa
717 2955 868 3054 negabis
885 2938 1003 3031 avem.

241 3156 337 3253 Ipsae
371 3155 460 3232 ferae
494 3153 620 3230 officia
653 3155 841 3232 sentiunt:
885 3179 954 3230 nee
989 3155 1107 3229 ullum
1137 3160 1212 3229 tam

183 3260 474 3333 immansuetum
492 3256 626 3330 animal
643 3266 711 3344 est,
729 3257 832 3354 quod
851 3281 923 3332 non
942 3257 1033 3332 curri
1053 3252 1210 3370 mitiges,

94 3374 100 3384 “
189 3369 227 3433 et
242 3383 277 3432 ιιι
294 3382 458 3434 amarem
475 3357 532 3430 tur
545 3366 680 3432 vertas
731 3357 903 3433 Leonum
920 3350 1211 3454 oraamagrstrrs
1293 3366 1295 3374 ⁴

190 3442 340 3556 irn'pune
374 3465 610 3533 tractantur:
650 3458 935 3556 elephantorum
963 3454 1089 3556 feritas
1121 3453 1211 3529 cibo

190 3559 360 3636 mitescit.
