2644 4000
520 153 692 246 ‘si

142 371 257 447 quam
276 349 325 422 de
340 347 480 423 scelere
495 343 562 419 lilii
576 343 772 442 comperit,
786 342 822 416 in
837 341 976 440 primia,
990 341 1035 414 ad
1050 341 1168 416 fitium

141 449 408 534 claudendum,
427 446 589 544 lapidem
606 447 651 518 ad
670 444 862 518 introitum
883 443 971 518 aedis
989 443 1166 516 attulisse.

144 547 225 624 Hic
244 549 329 624 cum
347 547 569 646 semianimis
586 547 634 620 de
652 547 793 642 templo
819 545 938 619 elatus
956 551 1064 629 esset,
1082 566 1167 615 con·

143 649 267 726 festim
284 649 440 724 animam
458 647 610 751 efflavit.
705 677 707 684 ’

346 847 492 953 Regem
512 871 583 921 non
601 842 743 928 sapiunt
760 869 852 941 opes
865 859 877 918 ¹:

329 949 457 1022 vMeos
478 973 634 1046 regnum
654 948 749 1019 bona
766 945 941 1042 possidet.

236 1111 237 1116 ,
343 1047 429 1122 Rex
447 1058 518 1148 est,
533 1047 599 1146 qui
618 1047 750 1138 metuit
769 1045 882 1119 nihil:

343 1137 431 1224 Reii
448 1159 517 1236 est,
535 1147 681 1246 quique
700 1146 804 1244 cupit
822 1145 923 1219 nihil.

124 1339 127 1344 ’
193 1349 237 1422 In
255 1346 451 1424 reserenda
466 1345 641 1446 grallial
656 1345 767 1422 modi>
782 1334 953 1420 Hesiodo
967 1345 1164 1433 credimus,

142 1438 324 1528 dedemus
351 1448 485 1521 imitari
516 1469 624 1544 agros
651 1446 803 1532 fertiles,
834 1447 902 1555 qui
933 1451 1017 1545 plus
1045 1449 1163 1520 multo

143 1549 315 1635 afferunt,
332 1553 447 1648 quam
465 1555 704 1642 acceperunt.
756 1543 908 1620 Etenim
923 1549 953 1621 si
971 1563 1042 1621 don
1058 1549 1164 1648 dupi-

57 1652 59 1655 ’
144 1645 264 1722 lamus
278 1647 404 1724 officia
418 1645 587 1721 conferre
604 1646 639 1718 in
654 1670 728 1730 eos,
743 1669 841 1744 quos
855 1669 1044 1742 speramus
1060 1646 1164 1720 nobis

145 1747 373 1846 profuturos,
399 1747 530 1846 quales
555 1746 675 1820 ineos
692 1771 770 1835 esse
795 1747 987 1835 debemus,
1005 1748 1073 1844 qui
1084 1745 1163 1843 jam
1207 1829 1211 1840 f

141 1845 390 1945 profuerunt?
532 1864 535 1870 '
603 1869 618 1906 ο

69 2059 72 2066 ’
139 2047 241 2121 Inter
258 2060 348 2121 aves·
361 2048 503 2133 turdus,
522 2044 667 2144 siquis,
685 2071 744 2120 me
757 2045 900 2145 judice,
919 2002 1064 2134 eertet;

188 2147 291 2222 Inter
308 2148 573 2244 quadrupedes
591 2147 710 2242 gloria
729 2148 847 2244 prima
865 2148 984 2244 lepus.

121 2373 122 2376 ¹
187 2347 371 2444 Diagoras
398 2343 577 2420 Rhodius·
597 2355 673 2420 tres
697 2345 794 2420 filios
820 2347 1078 2436 adolescentes
1104 2351 1163 2425 ha·

0 2514 3 2542 9
137 2444 231 2531 buit,
251 2467 365 2520 tinum
383 2447 562 2544 pugilem,
578 2447 736 2521 alterum
756 2448 990 2542 luctatorem,
1008 2449 1173 2543 tertium.

1 2580 12 2649 j..
136 2545 420 2640 pancratiastem
436 2575 457 2632 3,
470 2569 612 2645 eosque
631 2544 759 2622 omues
779 2547 869 2622 vidit
887 2548 1037 2624 vincere
1057 2575 1161 2625 eoro-
1194 2595 1197 2598 ·

6 2706 9 2715 ,
121 2646 291 2744 narique
320 2647 510 2744 Olympiae
535 2649 670 2721 eodem
695 2647 770 2748 die.
823 2647 875 2721 Et
893 2653 977 2724 oum
998 2649 1049 2722 ibi
1067 2665 1157 2726 eum

9 2767 31 2839 j
137 2755 210 2820 tres
227 2747 483 2841 adolescentes
502 2749 831 2845 amplecterentur,
856 2749 1095 2823 coronis‘suis
1122 2755 1159 2826 in

139 2857 252 2942 caput
271 2845 383 2944 patris
402 2847 593 2944 impositis,
608 2848 849 2948 populusque
867 2847 1161 2946 gratulabundus

133 2945 278 3042 ja'ceret
296 2947 464 3046 'undique
483 2949 519 3020 in
537 2973 623 3026 eum
643 2949 763 3036 flores,
782 2950 817 3022 in
836 2949 973 3024 osculis
987 2969 1102 3049 atque
1121 2953 1157 3028 iu
1257 2987 1259 2991 ’

138 3047 307 3120 manibus
324 3047 487 3122 filiorum
505 3049 663 3144 animam
680 3049 834 3124 efflavit.

36 3273 38 3278 ’
140 3246 274 3321 Omnia
293 3247 475 3322 Romanae
493 3250 632 3323 cedunt
651 3249 829 3324 miraculo
847 3258 980 3324 terrae:
1021 3223 1024 3228 Ι

187 3346 333 3525 Naltperla
351 3349 410 3426 hic
429 3353 553 3448 posuit
570 3350 756 3525 quicrppid
776 3348 1020 3452 ubique'fuit.
