2644 4000
511 98 660 207 ‘15

123 335 277 410 Virtute
295 333 362 434 qui
378 332 523 430 praediti
540 341 635 415 sunt,
653 331 722 404 soli
740 337 822 404 sunt
835 329 983 408 divites

125 435 164 512 Is
181 436 323 511 amicus
338 441 404 519 cst,
418 431 485 529 qui
493 434 600 531 juvat
617 431 652 532 in
667 431 777 505 rebus
794 431 967 508 adversis.

46 539 53 558 ’
124 535 251 610 Tutus
268 535 331 609 ille
349 557 421 606 non
438 540 505 617 est,
515 555 637 629 :quem
654 555 779 604 omnes
796 531 965 608 oderunt.
1038 536 1042 544 '

18 711 22 716 ,
75 703 93 732 ,ἱ
123 634 292 732 Ingratus
309 641 365 707 est
383 633 504 716 homo,
522 630 589 729 qui
607 653 677 703 non
696 629 919 705 beneficium
937 633 1069 707 reddit.

27 730 30 739 ’
125 733 207 815 Qui
221 759 290 810 non
310 732 416 807 norit·
428 739 563 816 tacere,
582 733 698 804 nescit
714 729 831 826 loqui.
1112 743 1134 806 5

126 832 252 910 Solem
268 859 289 909 e
313 832 450 906 mundo
468 831 613 916 tollunt,
631 831 698 927 qui
715 829 910 904 amicitiam
931 823 956 906 e*
972 831 1047 909 vitai
1068 835 1135 908 tol-

226 935 317 1006 lunt.
1076 937 1079 942 ’

125 1031 223 1112 Quae
242 1030 347 1105 nimis
364 1037 555 1128 apparent,
571 1027 664 1104 retia
681 1028 771 1102 vitat
787 1028 873 1100 avis.

123 1130 335 1233 Pompeius,
353 1131 420 1228 qui
437 1129 619 1208 aCaesare
637 1127 840 1214 natusest,
858 1126 954 1228 fugit
971 1130 1016 1202 ad

224 1233 446 1328 AEgyptum.
868 1254 871 1256 ·
1090 1239 1134 1303 10

123 1328 224 1402 Civis
242 1338 298 1404 est
315 1329 355 1414 ts,
373 1329 440 1427 qui
457 1329 611 1424 patriam
638 1350 739 1402 suam
757 1326 887 1425 diligit.

125 1427 223 1508 Quis
246 1437 313 1513 est,
330 1429 397 1526 qui
415 1453 485 1500 non
503 1427 703 1502 admiretur
719 1427 951 1524 splendorem
964 1427 1132 1504 virtutis?

110 1526 150 1598 ,J
153 1528 277 1602 ustitia
293 1527 410 1600 virtus
427 1535 493 1612 est,
509 1528 586 1625 quai
604 1527 673 1601 viri
689 1526 776 1599 honi
793 1527 1040 1622 appellantur.

8 1631 10 1638 ’
126 1625 274 1724 Accepi
304 1634 384 1701 tuas
418 1625 552 1711 literas,
586 1625 787 1722 inquibus
818 1635 923 1700 tuum
952 1649 1040 1726 erga
1074 1655 1131 1703 me

62 1733 68 1740 “
224 1750 385 1816 amorem
399 1724 569 1823 cognovi.
1089 1738 1134 1801 15

369 1893 636 1966 Miscellaneam
655 1891 838 1969 Senonas.

125 2041 213 2115 Una
229 2049 287 2114 est
313 2040 430 2114 insula
446 2050 549 2139 grata
567 2040 667 2115 mihi.
689 2075 692 2086 ν

79 2194 81 2200 .
126 2139 228 2220 erid
247 2138 453 2215 foediusest
470 2139 644 2216 avaritidl
752 2173 760 2178 ·

6 2269 7 2272 ¹
124 2239 215 2314 Post
232 2265 387 2315 messem
405 2238 514 2332 copia
527 2239 643 2335 major
658 2237 739 2313 erit.

125 2339 232 2412 Mors
249 2348 305 2414 est
322 2346 434 2424 certa,
448 2347 593 2434 tempus
609 2337 809 2412 incertum..

88 2457 92 2462 ’
125 2436 250 2511 Deum
268 2438 497 2534 agnoscimus
514 2461 562 2510 ex
579 2436 754 2535 operibus
770 2438 872 2538 ejus·
1083 2449 1131 2514 20

126 2536 267 2611 Codrus
284 2561 353 2634 pro
367 2537 485 2634 patrii
503 2544 669 2610 mortuus
686 2544 751 2610 est.
838 2580 868 2612 ,-
1115 2564 1118 2572 ·

125 2634 200 2709 Dei
217 2637 449 2734 providentii
466 2636 621 2710 mundus
638 2635 916 2710 administratur.
1207 2623 1212 2645 '

124 2736 208 2809 lam
222 2757 326 2836 seges
343 2745 409 2820 est,
426 2735 492 2808 ubi
509 2733 627 2832 Troja
644 2733 724 2808 luit.
817 2803 819 2806 ,
935 2745 938 2749 ’

125 2833 260 2908 Omnes
274 2835 436 2933 antiquae
453 2843 580 2932 gentes
597 2833 766 2934 Regibus
782 2844 995 2930 paruerunt.
1222 2931 1224 2936 Ι

42 3029 43 3033 ¹
126 2933 166 3007 Si
183 2935 279 3009 valet
296 2935 370 3022 ille,
387 2932 497 3009 venit.
792 3029 793 3032 Ἴ
1082 2945 1129 3010 25
1273 2955 1276 2965 ·

126 3028 263 3106 Nullus
280 3034 382 3109 locus
396 3035 500 3107 uobis
517 3033 660 3111 dulcior
677 3032 755 3107 esse
773 3033 884 3107 debet
901 3035 1050 3128 patria

70 3178 72 3182 -
126 3132 227 3232 Bene
242 3133 366 3208 vivere
384 3133 440 3208 bis
456 3133 580 3208 vivere
598 3141 667 3220 est„
732 3135 734 3147 “
1016 3133 1018 3136 ’

125 3230 197 3306 Per
213 3258 324 3320 mare,
337 3259 403 3330 per
418 3243 545 3325 terras,
565 3257 633 3333 per
649 3232 799 3307 flumina
815 3233 941 3308 curris.

45 3395 48 3402 ,
125 3330 202 3411 suu
216 3333 316 3410 dulci
333 3333 442 3409 melle
460 3357 601 3409 venena
618 3333 740 3408 latent.
