2644 4000
504 99 653 206 ³39

187 289 326 412 Nostra
343 337 495 430 longum
513 332 630 408 forma
648 320 867 430 percurrens
884 333 966 420 iter,

136 436 323 563 Deperdit
340 437 483 537 aliquid
502 439 659 531 semper,
676 441 715 508 et
731 433 852 533 fulget
868 433 998 508 minas.
1111 503 1116 513 .

188 626 349 712 Virtutis
366 645 465 711 tante
482 642 536 708 est
554 633 619 724 vis,
635 643 676 708 ut
693 655 765 707 non
782 633 896 730 possit
914 579 1077 732 unquam
1092 632 1149 707 vir
1223 713 1225 719 Α
1285 635 1287 642 ’

21 775 25 780 ·
129 705 441 814 ‘bonusnonesse
459 737 601 853 beatus.

337 935 440 1016 Quid
459 959 531 1009 non
548 932 716 1008 mortalia
733 941 886 1078 pectora
903 932 1016 1076 cogis,

136 1035 248 1110 Auri
253 1060 354 1110 sacra
371 1035 505 1157 fames!

88 1219 92 1226 ⁵
184 1177 350 1314 Quiise
340 1259 422 1330 rpse
441 1230 550 1320 norit,
576 1231 760 1321 intelliget
786 1255 823 1304 se
851 1230 988 1305 habere
1005 1229 1149 1327 aliquid

134 1332 311 1418 divinum,
338 1347 561 1430 semperque
587 1341 626 1408 et
643 1332 755 1406 faciet
780 1339 818 1404 et
843 1330 977 1405 sentiet
1003 1331 1147 1430 aliquid

3 1433 4 1466 ³
135 1433 289 1532 dignum
306 1457 459 1509 munere
478 1433 564 1508 Dei.

314 1565 378 1704 *N
384 1655 545 1729 unquam
564 1602 715 1705 libertas
730 1627 871 1728 gratior
887 1637 1000 1714 extat,

4 1775 5 1780 ¹
137 1727 264 1811 Quam
282 1732 350 1806 sub
368 1757 455 1829 rege
475 1733 548 1827 pio

186 1927 319 2016 Virtus
336 1937 391 2002 est
409 1923 593 2008 altissimis
606 1927 728 2019 defixa
746 1925 944 2013 radicibus,
959 1951 1046 2024 quae
1061 1953 1150 2003 nun·

2 2082 5 2099 .
136 2051 250 2199 quanli
269 2028 396 2118 ulla
362 2053 399 2102 vr
422 2027 635 2102 labefactari
662 2037 796 2154 polest,
822 2051 1010 2151 nunquam
1037 2029 1152 2143 dimo-

2 2166 6 2192 ι
130 2151 216 2200 reu
247 2151 328 2201 oco.
518 2161 524 2166 ·

2 2347 28 2362 ‘·
134 2323 343 2401 Proximus
348 2350 368 2396 a
387 2324 493 2397 tectis
511 2325 606 2414 ignis
620 2323 835 2401 defenditur
851 2283 975 2424 aegre3

182 2421 307 2498 .Utile
318 2423 480 2498 finitimis
497 2426 713 2501 abstinuisse
731 2417 834 2500 locis
921 2498 923 2506 ι

196 2619 357 2695 Veteres
391 2621 563 2709 Romani,
596 2626 752 2722 accepte
785 2623 821 2696 in
818 2621 932 2719 juria,
965 2625 1150 2702 malebant

136 2719 341 2838 ignoscere,
367 2728 478 2818 quim
503 2725 687 2822 persequi.
740 2650 834 2796 PlusJ
850 2728 945 2820 pene
972 2737 1150 2802 auxerunt

2 2801 5 2929 f
50 2809 56 2817 ’
136 2819 330 2916 imperium
349 2829 535 2918 parcendo
552 2823 670 2912 victis,
687 2831 799 2924 quam
815 2823 1008 2900 vincendo.

187 3015 276 3099 Quo
294 3018 368 3094 fata
385 3008 531 3094 tiahunt
548 3023 826 3122 retrahuntque,
844 3047 1050 3123 sequamur.

111 3115 330 3215 Quicqurd
341 3119 411 3195 erit
413 3124 633 3218 superanda
642 3148 760 3199 omnis
770 3125 843 3198 lor
845 3109 1073 3200 unalerendc
1083 3134 1152 3200 est

187 3316 375 3395 Malorum
392 3329 448 3394 est
465 3345 549 3395 esca
564 3323 744 3421 voluptas,
770 3322 845 3422 qua
871 3321 1035 3400 homines
1053 3323 1150 3422 capi·

138 3425 257 3508 untur,
275 3427 314 3492 ut
331 3419 492 3495 hamo
455 3445 585 3520 pisces
1231 3435 1233 3440 ’
