2644 4000
673 149 721 218 64

188 347 310 419 cuma
328 357 414 432 rege
433 341 604 440 Philippo
630 369 780 418 munera
805 369 945 463 magnae
963 348 1145 440 pecuniae
1145 373 1203 423 re·

94 511 96 515 .
187 444 352 540 pudiaret
376 443 561 556 levat-ique
577 446 811 517 hortarentur
825 471 1003 542 accipere
1006 446 1203 569 simulque

184 545 431 626 admonerem,
450 542 479 612 si
501 541 576 654 ipse
597 541 699 618 facile
726 555 864 628 careret
887 544 1052 639 pecunia,
1081 544 1202 618 liberis

186 648 306 713 tamen
334 632 408 710 suis
425 639 672 733 prospiceret,
703 641 837 738 quibus
865 641 1014 718 difficile
1041 656 1133 716 esset
1163 643 1200 716 in

184 735 328 812 summai
341 747 553 850 paupertate
569 751 699 811 tantam
717 752 901 834 paternam
916 741 1010 814 tueri
1023 741 1202 834 gloriam,

102 887 105 892 -
141 868 145 873 ·
182 835 338 907 hisillez
365 834 480 906 simei
505 835 636 908 similes
661 843 779 922 erunt,
805 838 935 933 inquit,
961 839 1199 929 agellusillns
1264 900 1270 907 .

182 934 268 1016 alet,
285 932 350 1029 qui
370 929 486 1004 mend
505 934 594 1006 lianc
609 933 820 1030 dignitatem
837 936 1026 1029 perduxi13
1045 937 1097 1008 sin
1114 944 1200 1009 sunt

181 1028 296 1102 futuri
323 1031 521 1114 dissimiles,
551 1033 635 1105 nolo
662 1033 752 1106 meis
779 1033 948 1146 impensis
978 1032 1125 1107 illorum
1149 1033 1199 1106 ali

181 1128 385 1226 augerique
403 1127 597 1204 luxuriam.

86 1359 89 1366 ·
180 1325 206 1398 J
208 1351 264 1399 am
283 1325 433 1414 veniunt
450 1349 532 1399 anm
522 1325 706 1422 fragiles,
723 1335 760 1400 et
781 1326 931 1401 inertior
948 1335 1031 1401 aelas
1045 1353 1057 1400 :¹

229 1423 349 1496 lnlicit
367 1435 405 1498 el
423 1423 541 1521 nigras
557 1427 639 1499 alba
656 1439 800 1500 senecta
817 1449 950 1500 comas.

223 1621 345 1693 Cum
329 1645 483 1717 juvenes
500 1620 662 1696 relaxare
680 1622 828 1708 animos,
853 1631 887 1696 et
907 1623 993 1696 dare
1011 1648 1049 1698 se
1062 1623 1195 1741 jucun-

175 1719 278 1792 ditati
299 1721 436 1804 volent,
449 1731 601 1795 caveant
618 1721 942 1817 intemperantiam,
964 1724 1194 1799 meminerint

91 1867 93 1876 ι
179 1817 424 1892 verecundiae.

107 2079 109 2083 .
175 2015 356 2090 Fraxinus
372 2015 407 2088 in
427 2015 537 2112 sylvis
554 2016 811 2112 pulcherrima,
829 2017 934 2113 pinus
952 2018 987 2090 in
1005 1999 1136 2104 horlis,

176 2113 342 2212 Populus
361 2115 395 2187 in
412 2115 542 2201 lluriis,
558 2115 657 2189 abies
673 2116 709 2188 in
728 2115 912 2190 montibus
928 2116 1017 2189 altis

224 2312 350 2412 Quam
363 2337 475 2410 parvo
484 2323 676 2387 contentus
689 2322 741 2388 est
758 2315 915 2410 sapiens!
933 2315 1044 2412 quam
1058 2335 1188 2425 parum

174 2403 427 2508 paupertatem
445 2412 570 2484 timet.
564 2414 570 2464 l
589 2412 762 2484 Ducebat
782 2413 978 2508 pronihilo
997 2409 1189 2508 pecuniam

174 2510 394 2584 Anacharsis
416 2511 582 2604 Scythes,
603 2511 708 2606 cujus
729 2521 827 2582 extat
849 2510 1014 2622 epistola,
1038 2509 1091 2582 liis
1113 2531 1192 2579 ver·

175 2608 251 2681 bis:
281 2609 498 2681 Anacharsis
515 2605 686 2681 Hannoni
705 2609 868 2681 salutem
922 2606 1016 2679 Mrlu
1034 2604 1190 2678 amictus
1234 2635 1244 2652 ι

41 2785 57 2801 ..
169 2718 239 2790 est,
256 2717 294 2778 ut
314 2706 460 2801 Scythis
475 2704 581 2779 lerrae
597 2707 722 2800 pellis;
739 2706 1036 2788 calceamentum,
1049 2702 1189 2798 pedum

96 2895 98 2899 Υ
174 2805 307 2877 callum
323 2833 333 2890 ;
349 2804 482 2888 cubile,
501 2817 619 2889 terra3
636 2802 838 2889 obsonium,
852 2801 985 2885 lames;
1000 2801 1112 2886 lacte,
1130 2821 1187 2872 ca

120 2946 122 2952 .
171 2927 246 2987 sen,
274 2927 392 2985 carne,
417 2927 555 2980 vescor.
608 2902 734 2983 Quare
761 2924 908 2975 munera
934 2899 1100 2986 islalua,
1127 2897 1186 2972 vel

172 3001 316 3074 civibus
333 3000 415 3085 tuis,
432 3003 490 3074 vel
511 3001 590 3074 Diis
607 3001 869 3074 immortalibus
885 3001 990 3072 dona.

171 3199 236 3274 Sic
254 3225 335 3273 mea
352 3199 537 3296 perpetuis
555 3199 750 3298 liquefiunt
768 3208 917 3296 pectora
934 3195 1041 3280 curis,

223 3297 371 3395 Ignibus
388 3299 540 3371 admotis
558 3309 597 3372 ut
616 3323 709 3372 nova
726 3323 808 3371 cera
826 3297 929 3370 solet.
1081 3311 1082 3315 ’
