2644 4000
703 125 751 197 90
837 179 839 184 s

5 375 6 390 ἶ
96 317 98 326 ’
211 311 297 392 Jam
315 341 394 390 cras
413 317 509 394 istud
528 320 638 394 habet
651 319 801 406 Priami,
818 321 878 394 vel
898 319 1079 409 Nestoris,
1098 341 1231 397 annos,

144 427 151 448 “
259 415 349 488 Cras
364 418 460 492 istud
476 419 605 517 quanti
623 419 683 492 dic
700 420 789 494 mibi
807 419 920 518 possit
937 420 1036 496 emit

137 521 141 532 '
210 515 299 590 Cras
318 515 439 592 vives:
467 519 575 594 bodie
587 519 677 617 jam
691 518 829 607 vivere,
860 521 1075 609 Postbume,
1098 546 1231 598 aarum

140 743 143 750 ·
256 715 326 792 Ille
345 628 450 814 silli,
467 695 648 818 quisquis,
665 719 877 837 Posthume,
894 720 987 795 vixit
1012 719 1104 803 heri.

256 913 352 990 Crim
370 914 599 990 Xenocrates
614 917 1052 1015 philosophus'maledieo
1066 919 1231 996 sermoni

207 1017 440 1112 quorundam
460 1017 648 1092 bominum
666 1021 869 1106 interesset,
884 1041 928 1108 ac
956 1025 1098 1092 taceret
1117 1044 1128 1102 3
1152 1043 1230 1098 uno

206 1140 255 1188 ex
273 1114 327 1187 bis
344 1125 548 1214 quaerente,
566 1142 635 1189 cur
652 1117 819 1192 solusita
833 1117 996 1216 linguam
1008 1117 1230 1192 cohiberet:

207 1213 311 1296 Quia
328 1215 496 1290 locutum
514 1215 626 1292 luisse
645 1243 715 1302 me,
734 1217 868 1316 inquit,
879 1217 1085 1316 aliquando
1105 1214 1224 1314 poeni·
1316 1311 1317 1314 Ἴ

206 1314 303 1400 tuit3
328 1315 498 1402 tacuisse,
518 1340 718 1414 nunquam.

206 1512 339 1588 Omnia
358 1507 615 1606 tempus'edax
634 1513 855 1610 depascitur,
873 1513 996 1587 omnia
1010 1513 1129 1610 carpit
1135 1542 1147 1599 ;

254 1614 387 1687 Omnia
405 1614 491 1688 sede
512 1623 663 1698 movet;
691 1615 740 1687 nil
755 1613 838 1686 sinit
855 1638 934 1688 esse
954 1613 1031 1687 diu.
1131 1672 1136 1698 ,

204 1712 378 1787 Flumina
395 1713 593 1785 deficiunt:
613 1711 812 1810 profugum
828 1739 927 1787 mare
939 1713 1065 1804 littora
1086 1711 1221 1788 siccat:
1247 1750 1251 1753 ·

257 1813 466 1888 Subsidunt
482 1820 645 1896 montes;
671 1813 815 1910 etjuga
833 1812 932 1886 celsa
950 1820 1072 1886 ruunt.
1184 1879 1188 1890 ,
1256 1813 1258 1818 ’

162 1991 165 2000 ,
204 1911 309 1994 Quid
328 1923 401 1986 tam
420 1937 533 2006 parva
551 1907 711 2008 loquorl
738 1912 855 1986 moles
869 1909 1114 2010 pulcherrima
1132 1909 1221 1983 coeli
1314 1957 1317 2006 3

254 2011 583 2094 Ardebitflammis
601 2020 678 2085 tota
696 2016 850 2108 repente
870 2011 976 2086 suis„
1316 2031 1317 2034 ’

249 2208 487 2289 Domitianus
505 2205 600 2282 inter
611 2207 712 2284 initia
726 2207 949 2304 principatus
963 2204 1132 2304 quotidie
1148 2229 1217 2299 per

202 2311 329 2388 horam
348 2334 457 2383 unam
475 2333 618 2381 muscas
635 2309 818 2404 captabat,
836 2333 887 2382 ac·
905 2305 1001 2399 stylo
1027 2313 1219 2400 praeacuto
1308 2315 1310 2322 “

201 2411 439 2510 contigebat:
466 2408 516 2481 ita
548 2417 586 2480 nt
621 2407 766 2482 cuidam
795 2404 1048 2503 interroganti,
1077 2410 1222 2476 essetne

201 2511 287 2612 quis
299 2512 396 2584 intus
407 2532 492 2582 cum
504 2508 661 2594 Caesare,
679 2532 750 2581 non
768 2507 927 2580 absurde
947 2525 1165 2600 responsum
1177 2505 1225 2574 sit

201 2611 357 2684 aVibio
376 2609 531 2706 Crispo:
558 2607 619 2682 Ne
638 2631 763 2682 musca
781 2608 947 2710 quidem.
1083 2617 1085 2622 ’

201 2805 335 2882 Messis
351 2814 454 2880 erant
473 2803 599 2899 primis
615 2805 751 2879 virides
766 2802 981 2879 mortalibus
996 2799 1143 2886 herbae,

166 2907 168 2916 '
249 2907 355 2990 Quas
369 2907 493 2991 tellus,
510 2903 844 2991 nullosolicitante,
861 2903 987 2974 dabat.

198 3009 250 3082 Et
263 3008 375 3082 modb
392 3004 593 3102 carpebant
608 3005 728 3079 vivaci
745 3005 885 3100 cespite
903 3025 1079 3100 gramen,

248 3107 361 3180 Nune
378 3106 640 3200 epulaetenerd
658 3103 787 3178 fronde
805 3125 983 3177 cacumen
1002 3107 1116 3173 erant.

197 3208 398 3285 Postmodo
416 3206 519 3298 glans
549 3215 632 3279 nata
648 3212 725 3292 est;
753 3205 848 3278 bene
875 3210 956 3276 erat
980 3199 1057 3297 jam
1081 3197 1217 3298 glande

297 3307 479 3402 reperti,

68 3441 90 3484 r.
192 3489 195 3496 ,
245 3409 428 3504 Duraque
447 3404 658 3505 magnificas
683 3428 848 3503 quercus
865 3399 1141 3496 habebatopes.
