2644 4000
529 141 532 159 t
633 117 728 186 7]

1 298 2 314 ¹
136 337 210 394 non
235 319 332 396 malb
359 317 410 394 ait
440 311 697 398 Callimachus
726 311 846 414 multo
873 310 1007 408 saepius
1033 311 1152 409 laery-

38 464 40 468 ·
140 421 264 498 misse
290 418 490 503 Priamum,
515 423 629 514 quam
659 411 1045 496 Troilum—,true
1063 415 1153 496 verb

138 529 226 598 retas
245 523 353 616 longa
370 517 452 593 estl
470 526 533 592 aut
551 517 642 615 quid
663 515 800 588 homini
819 512 995 611 longum!
1015 511 1150 588 Nonne

138 613 494 697 senectus'asseeuta
511 629 564 690 est
584 617 695 692 modb
713 638 861 710 pueros,
886 616 994 690 modd
1013 613 1153 687 adoles·

138 720 290 796 centesl
327 719 443 819 Apud
460 717 648 813 Hypanim
664 715 830 800 fluvium
846 717 912 813 qui
928 717 975 788 ab
989 713 1154 809 Europae

139 822 299 919 partein
318 820 476 894 Pontum
495 817 627 903 influit,
655 815 878 889 Aristoteles
903 814 954 888 ait
981 816 1155 889 bestiolas

78 920 79 926 ’
139 922 318 1018 quasdam
337 919 445 1004 nasci,
464 940 551 1016 quse
578 940 691 990 unum
718 915 817 989 diem
834 915 971 988 vivant.
1024 913 1082 987 Ex
1102 911 1158 988 lris
1275 946 1278 954 2

13 1067 34 1088 u
136 1019 357 1117 igitur‚quoe
371 1022 460 1098 bora
472 1019 605 1094 octava
616 1025 839 1100 mortuaest,
857 1016 1034 1112 proveeta
1047 1024 1154 1091 aetate
1198 1088 1201 1099 ,

138 1117 380 1193 mortuaest:
407 1137 495 1216 quae
513 1120 603 1194 verb
629 1114 823 1190 occidente
842 1116 933 1201 sole,
949 1117 1161 1218 decrepita.⁴
1195 1201 1198 1208 ‚

1 1239 2 1242 ’
138 1217 455 1294 Οοηῖθτῃοείῖεω
475 1218 722 1315 longissimam
741 1225 991 1290 aetatemeurn
1016 1217 1159 1289 aeterni·
1234 1285 1237 1292 .

136 1324 225 1404 tate,
257 1319 489 1417 reperiemur
517 1312 554 1394 in
583 1319 717 1398 eddam
748 1315 942 1402 brevitate,
976 1316 1055 1412 qut
1085 1302 1159 1392 illae
1204 1418 1208 1444 Ι

1 1449 2 1460 ¹
138 1416 322 1493 bestiolae.
423 1455 426 1464 ¹

70 1622 82 1691 '.
139 1611 233 1688 Haee
245 1605 337 1688 Rull
352 1616 480 1690 tabula
490 1613 569 1690 esti
585 1613 807 1700 Nil-rarius:
836 1557 1160 1708 lpseubiRulusl

1 1719 2 1742 ³
177 1713 421 1792 lncatbedrd.
456 1714 560 1796 Quid
578 1712 798 1826 agitlHoe,
809 1714 912 1812 quod
924 1723 962 1788 et
973 1715 1010 1786 in
1021 1715 1160 1832 tabula.

171 1925 174 1930 “
189 1906 320 1987 Noetu
333 1913 546 1988 ambulabat
560 1912 596 1985 in
611 1912 765 2010 publieo
776 1911 1062 2003 Themistocles,
1074 1917 1160 1992 edm

140 2031 310 2086 somnum
330 2037 465 2108 capere
484 2037 555 2087 non
574 2021 720 2108 posset:
738 2013 994 2108 quaerentibus
1013 2025 1176 2112 respon·¹

1 2179 2 2184 ,
132 2108 264 2198 '‘debat,
281 2137 319 2186 se
337 2137 359 2186 e
378 2137 506 2188 somno
525 2111 695 2186 suscitari
714 2110 899 2185 Miltiadis
917 2112 1078 2211 tropaeis.

1 2361 2 2378 2
143 2306 278 2381 Multis
296 2317 395 2382 easta
411 2307 502 2384 licat
519 2332 634 2394 mens,
653 2318 691 2381 et
709 2307 786 2382 sine
804 2297 958 2387 erimine
976 2321 1121 2390 constet

92 2485 94 2490 ,
145 2403 248 2491 Vita,
265 2416 387 2482 tameo
405 2407 570 2506 probitas
587 2433 673 2481 oum
693 2420 913 2506 paupertate
926 2412 1081 2510 jacebit.

191 2602 285 2680 Cum
304 2603 440 2680 Genius
458 2600 576 2679 lulus'
588 2629 677 2681 oum
705 2603 796 2678 Caio
821 2605 967 2683 Caesare
986 2609 1161 2710 Caligula

143 2700 207 2777 diu
235 2705 435 2778 altercatus
461 2703 601 2792 suisset,
631 2705 781 2779 abeunti
812 2705 1019 2803 imperator
1044 2706 1163 2786 dixit:
1283 2699 1285 2708 ¹

143 2799 203 2876 Ne
218 2801 315 2878 sorte
333 2805 459 2902 inepte
478 2829 543 2902 spe
558 2806 624 2878 tibi
643 2805 851 2893 blandiaris,
869 2809 913 2880 ad
933 2811 1160 2906 supplicium

142 2908 180 2976 te
198 2902 286 2976 duei
306 2903 414 2998 jussi·
465 2904 622 2992 Gratias,
640 2904 773 3004 inquit,
802 2932 884 3005 ago,
902 2909 1042 3006 optime
1062 2911 1161 3008 prin·

142 3025 243 3098 ceps.
294 3002 437 3078 Decem
450 3006 535 3078 dies
553 3009 731 3103 usquead
748 3007 973 3103 supplicium
988 3011 1066 3085 sine
1083 3013 1160 3093 ulla

147 3099 382 3179 solicitudine
407 3107 545 3202 exegit.
597 3106 675 3178 Vix
703 3107 804 3180 eredi
831 3117 965 3203 potest,
992 3133 1079 3208 quae
1104 3115 1161 3188 vir
1212 3101 1215 3110 ⁴
1297 3103 1302 3109 ’

143 3200 207 3275 ille
221 3199 369 3288 dixerit,
384 3228 468 3301 quae
483 3203 627 3292 lecerit,
640 3213 753 3303 quam
770 3206 805 3280 in
820 3209 1022 3306 tranquillo
1036 3211 1162 3288 suerit.

142 3299 316 3374 Ludebat
333 3302 561 3393 latruneulis,
579 3309 663 3382 cum
679 3307 857 3380 Centurio
872 3331 1002 3406 agmen
1020 3313 1158 3407 peritu-
1271 3349 1273 3353 ·

142 3424 267 3474 rorum
301 3405 460 3512 trahens,
492 3415 530 3480 et
564 3405 670 3481 illum
704 3431 861 3504 quoque
896 3409 1002 3485 citari
1036 3413 1158 3507 jubet.
