2644 4000
593 134 639 202 23

168 318 325 418 cyneae,
341 317 586 421 interrogatus
615 347 636 394 a
665 321 822 493 Pprrho,
851 323 972 422 qualis
1002 326 1137 404 Roma

119 430 213 494 esset
229 449 240 508 3
265 425 467 522 respondit,
482 425 632 521 Regum
650 447 695 495 ur
721 446 781 496 em
797 421 866 496 sibi
885 424 1010 500 visam.

118 585 254 662 Fessus
272 600 313 666 ut
330 593 498 668 incubuit
515 591 662 676 bacuio,
680 615 845 690 saxoque
863 598 1002 671 resedit
1049 599 1054 604 ”
1106 583 1109 589 ’

166 688 306 780 Pastor,
324 693 525 768 arundineo
544 692 703 765 carmine
721 693 861 767 mulcet
877 721 977 772 ovea.

164 853 252 930 Non
270 862 379 938 modo
394 863 550 936 reticere
564 868 758 956 parentum
768 861 929 959 injurias,
940 861 1004 941 sed
1015 870 1123 948 etiam

117 979 227 1052 aequo
245 959 367 1050 animo
381 960 491 1064 ferre,
511 957 673 1057 eportet.
1223 971 1226 978 ’

38 1191 43 1216 ,
115 1131 305 1230 Tempore
323 1115 495 1215 difficiles
511 1138 664 1212 veniunt
680 1136 725 1208 ad
743 1142 861 1210 aratra
872 1134 1037 1230 juvenci,

165 1229 356 1332 Tempore
373 1239 472 1314 lenta
489 1238 566 1335 pati
582 1237 695 1310 fraena
712 1237 893 1312 docentur
910 1235 1011 1332 equi.
1063 1333 1068 1338 Ι

163 1409 221 1484 Ut
237 1416 281 1487 ad
301 1439 449 1491 cursum
467 1439 600 1513 equuS,
618 1415 663 1486 ad
681 1414 855 1487 arandum
874 1415 952 1498 bos,
966 1413 1011 1486 ad
1028 1413 1126 1489 inda-

112 1511 273 1606 gandum
291 1516 401 1601 caniS,
416 1516 467 1590 sic
485 1516 595 1589 homo
609 1514 653 1586 ad
669 1513 947 1612 intelligendum
965 1523 1002 1588 et
1019 1531 1127 1614 agen·

113 1609 214 1695 dum,
232 1624 336 1687 natus
354 1625 421 1689 est.

113 1783 219 1864 Quid
236 1782 351 1879 magis
368 1792 423 1857 est
440 1784 574 1855 durum
593 1807 691 1867 saxo,
721 1781 812 1879 quid
843 1781 989 1856 mollius
1004 1781 1125 1859 undii

41 1943 44 1950 .
103 1953 106 1960 ,
161 1883 268 1956 Dura
285 1891 406 1956 tamen
425 1881 528 1956 molli
546 1906 631 1954 saxa
649 1890 823 1954 cavantur
838 1886 946 1980 aqud.

162 2059 207 2132 In
233 2058 384 2134 scicntia
402 2059 587 2133 ericeilere
615 2057 810 2153 pulchrum
829 2067 1027 2153 putamus3
1052 2057 1126 2132 labi

87 2228 92 2243 Χ
111 2168 247 2329 plutem,
265 2182 400 2246 errare,
418 2159 573 2245 nescire,
591 2157 728 2253 decipi,
747 2167 786 2232 et
801 2158 939 2233 malum
958 2168 995 2234 et
1013 2168 1123 2255 turpe

139 2281 292 2342 ucrmue.

413 2414 511 2495 Quis
528 2416 698 2489 crederet
715 2439 890 2512 unquam,

160 2511 295 2589 Aerias
314 2513 478 2589 homines
496 2538 649 2609 carpere
675 2539 782 2611 posse
796 2513 899 2588 vias?

160 2691 299 2766 Studiis
317 2700 355 2766 et
372 2691 488 2766 literis
502 2716 560 2766 res
574 2694 944 2792 secundaeornantur,
957 2695 1121 2769 adversae

109 2791 341 2886 adjuvantur.

110 2967 196 3040 Otia
214 2992 348 3064 corpus
362 2966 475 3056 aiunt,
493 2971 634 3044 animus
651 2993 805 3068 quoque
824 2969 983 3066 pascitur
1000 2970 1096 3059 illis3

157 3066 522 3156 Immodicuscontra
540 3070 658 3169 carpit
675 3079 870 3166 utrumque
889 3071 1004 3143 labor.

82 3251 84 3256 ’
156 3223 211 3296 Ut
230 3215 330 3322 ager,
348 3228 674 3324 quamvisfertilis,
692 3227 768 3303 sine
795 3227 942 3304 cultore
957 3227 1122 3304 fruetuoss

105 3348 172 3428 eus!
184 3349 263 3400 esse
282 3351 354 3400 non
372 3336 519 3427 potest3
544 3328 596 3404 sic
615 3328 690 3404 sine
705 3328 872 3404 doctriut
890 3328 1042 3404 animus.
