2644 4000
621 133 671 202 95

137 336 234 419 uuis
252 341 418 419 matrem,
436 329 504 406 nisi
521 327 653 408 mantis
672 325 788 423 inops,
806 324 842 398 in
862 323 991 400 lunare
1010 319 1085 399 nali

187 436 298 510 Flere
317 430 442 508 vetati
469 455 540 504 non
559 431 628 502 boc
646 428 709 500 illa
727 429 905 500 monenda
925 427 1008 498 loro
1025 437 1113 504 eet.-

1 565 2 592 r
135 532 231 610 oum
249 532 394 608 dederit
412 533 605 636 lacrymas,
621 528 868 624 animumque
878 528 1086 622 expleverit

284 657 436 730 aegrum,
604 686 607 693 .

185 735 255 810 Illa
273 735 380 808 dolor
397 730 518 806 verbis
534 711 803 806 emoderandus
819 728 901 801 erit·

186 931 358 1007 Burrhus
375 912 526 1046 petebat
543 952 562 999 a
582 925 745 1010 Nerone,
770 937 810 998 ut
838 925 1014 999 scriberet
1034 931 1148 1004 nomi-

134 1057 181 1106 na
207 1033 402 1114 latronum,
428 1027 496 1126 qui
523 1028 566 1100 ad
596 1026 818 1122 supplicium
849 1027 1007 1098 durandi
1035 1039 1149 1105 erant.

134 1131 227 1204 Crim
242 1132 403 1202 chartam
420 1127 534 1201 invito
548 1126 768 1212 tradidisset,
783 1126 1004 1200 exclamarit
1020 1127 1145 1205 Nero:

1 1246 2 1253 ’
116 1229 285 1304 ¹Vellem
304 1228 446 1344 neseire
466 1229 633 1302 literas..

1 1525 2 1528 Ἴ
135 1427 244 1508 Quot
259 1428 434 1523 lepores'
424 1453 461 1502 rn
479 1427 595 1515 Atho,
613 1432 709 1524 quot
725 1448 813 1520 apes
830 1436 1040 1532 pascuntur
1050 1427 1086 1500 in

1 1687 2 1698 ,
184 1527 447 1724 Oaerrldaygilol
467 1625 596 1698 baccas
613 1623 783 1698 Pallados
801 1623 910 1694 arbor
927 1593 1061 1698 babet:

1 1775 3 1833 ἶ
135 1725 279 1799 Inttore
297 1735 392 1822 quot
409 1723 585 1810 ronobae
601 1735 657 1799 tot
674 1733 758 1794 sunt
775 1748 811 1795 ιη
830 1747 956 1796 amore
975 1725 1147 1807 dolores

184 1823 285 1905 Quae
302 1825 475 1921 patimur,
492 1780 611 1898 mullo
629 1822 811 1921 spicula
789 1822 875 1958 selle
895 1824 1055 1898 madent.
1123 1857 1148 1886 ·.

183 2021 361 2095 Tiberius
388 2020 575 2114 rescripsit
609 2019 827 2116 praesidibus
861 2021 1150 2116 provinciarum,
1190 2041 1192 2046 ’

109 2122 336 2196 onerandas
361 2146 440 2196 ease
471 2121 612 2193 tributo
644 2119 852 2213 provincias
868 2119 1149 2197 acribeotibua:

132 2219 231 2294 Boni
248 2220 402 2316 pastoris
419 2245 511 2304 esse,
526 2220 680 2292 tondere
698 2241 826 2312 pecus,
841 2243 912 2290 non
931 2221 1148 2324 deglubere.

134 2415 270 2512 Turpe
286 2417 358 2489 erit
374 2414 410 2488 in
429 2415 570 2490 miseris
586 2408 791 2490 vereri‘ribi
809 2417 921 2490 rebus
938 2417 1059 2491 amico

176 2514 382 2587 'Auxilium
402 2515 502 2593 nulli
522 2515 625 2611 parte
642 2515 769 2588 tulisse
787 2525 904 2589 tuum.
990 2557 991 2566 ,

1 2601 2 2604 ¹
27 2693 32 2716 f
134 2614 266 2709 Turpe
285 2613 425 2688 referre
443 2616 617 2711 pedem;
629 2639 696 2688 nee
714 2639 821 2710 passu
841 2625 935 2688 stare
954 2617 1099 2706 lenaei3

1 2727 2 2786 3
98 2729 100 2734 ’
184 2713 315 2810 Τ33ρ3
335 2714 561 2788 laborantem
580 2714 787 2788 deseruisse
807 2725 935 2788 ratem.

133 2813 265 2909 Turpe
283 2814 390 2910 sequi
408 2839 546 2898 casum,
568 2823 604 2888 et
625 2811 781 2889 fortunae
799 2817 961 2902 eedere3
987 2817 1148 2894 amicum

1 2947 2 2954 ¹
183 2913 247 2999 Et,
265 2913 334 2989 uisi
352 2913 398 2986 sit
414 2912 517 3000 salix,
535 2939 613 2987 ease
632 2939 768 3035 negare
787 2923 906 2988 tuum.

181 3111 249 3186 Est
268 3111 445 3206 praeclara
461 3112 617 3209 epistola
636 3066 809 3198 Platonis,
836 3112 902 3209 qui
921 3113 958 3186 in
980 3075 1147 3195 Siciliae}

1 3221 2 3226 ’
133 3207 434 3296 vocatusfuerat‚
462 3201 610 3288 bialere
638 3212 782 3286 verbis:
812 3211 1003 3294 Qubrurn
1032 3218 1149 3292 venia·
1264 3275 1269 3282 -

132 3335 221 3401 sem,
238 3310 313 3386 rita
330 3309 404 3399 illa,
422 3313 531 3388 beata
550 3337 638 3410 quae
655 3312 858 3398 serebatur,
877 3314 986 3410 plena
1003 3313 1151 3394 Italica·
