2644 4000
600 123 855 206 -263

211 306 298 385 Non
316 310 420 403 ebur,
436 339 560 415 neque
576 340 730 400 aureum

131 431 133 436 ·
220 433 222 446 ·
307 411 399 490 Mea
417 415 591 492 renidet
581 441 618 490 ιιι
635 418 745 490 domo
763 419 921 492 lacunar.

209 705 231 778 d
259 607 345 782 lion
364 623 579 710 potestesse
591 616 757 712 jucunda
774 616 859 704 vita,
877 641 898 692 a
925 624 1001 715 qua
1018 620 1112 696 absit
1130 643 1217 718 pru·

234 733 279 787 eu
298 733 331 782 ra

207 907 310 1004 Ergo
328 914 412 987 crim
431 913 561 1000 silices,
579 918 663 992 crim
690 916 778 991 dens
794 915 966 1010 patientis
983 920 1092 993 aratri

256 1010 470 1108 Depereant
488 1039 578 1101 aevo,
596 1015 754 1088 carmina
764 1025 884 1090 morte
899 1028 1038 1145 carent

255 1194 578 1275 Quemadmodum
602 1202 866 1318 gubernatores
882 1193 1012 1298 optimi
1028 1203 1103 1278 vim
1120 1211 1213 1286 tem·
1314 1211 1315 1228 ¹

198 1296 362 1402 pestatis,
381 1295 431 1371 sic
449 1300 630 1398 sapientes
646 1300 802 1377 fortunae
827 1301 1018 1399 impetum,
1035 1327 1213 1399 superare
1314 1307 1315 1310 ’

202 1417 273 1468 non
291 1408 452 1491 possunt.
1312 1427 1315 1564 Ι

167 1765 169 1772 y
249 1677 407 1752 Lenis
374 1704 535 1772 vrrorum
554 1707 625 1754 non
645 1684 798 1759 humiles
815 1685 944 1758 domos

592 1582 750 1658 Somnus
767 1537 1014 1683 agrestium
1314 1569 1315 1600 l

298 1778 463 1867 Fastidit,
479 1783 626 1856 umbros
612 1806 762 1879 amque
773 1784 944 1904 ripam.

248 1972 494 2070 Philosophia,
525 1986 642 2052 mater
670 1979 831 2055 omnium
863 1977 1040 2052 bonarum
1067 1976 1202 2050 artium

199 2075 437 2170 nosprimdm
455 2078 499 2148 ad
531 2076 616 2149 Dei
636 2079 789 2164 cultum,
818 2078 951 2152 deinde
981 2079 1064 2151 ad
1047 2101 1109 2174 jus
1142 2076 1205 2148 ho-

197 2175 347 2258 minum,
377 2183 454 2247 tum
491 2178 536 2249 ad
576 2167 803 2278 modestiam,
836 2177 1204 2276 magnitudinemque

197 2272 451 2347 animierudit.

145 2488 150 2496 *
197 2451 371 2525 Nascitur
387 2475 556 2550 exiguus
574 2453 637 2526 sed
655 2477 745 2550 opes
762 2454 924 2570 acquirit
942 2455 1077 2539 eundo
1314 2535 1315 2548 χ

129 2597 165 2662 .'
247 2551 411 2648 Quaque
425 2551 539 2637 vemt
555 2555 687 2626 multas
702 2552 849 2650 accipit
865 2554 978 2630 amnis
980 2577 1144 2650 ,aquasr
1312 2611 1316 2672 1

240 2731 301 2804 Ut
315 2729 524 2804 hirundines
543 2730 668 2804 aestivo
685 2691 852 2825 tempore
870 2733 1002 2828 praestd
1021 2739 1116 2814 sunt,
1133 2727 1199 2802 ni-
1314 2679 1316 2776 l

30 2821 34 2829 ’
133 2901 136 2904 ,
192 2851 281 2928 gore
299 2828 416 2923 pulsae
433 2831 631 2916 recedunt
648 2831 706 2904 ita
730 2828 812 2903 falsi
836 2831 944 2904 amici
973 2854 1101 2906 sereno
1112 2827 1199 2903 vrtae
1314 2865 1316 2878 =

193 2939 359 3024 tempore
378 2931 509 3023 praestd
523 2937 618 3015 sunt,
635 2929 742 3004 simul
759 2939 872 3028 atque
890 2931 1062 3028 hyemem
1079 2927 1197 3004 sortu-

195 3053 250 3101 nae
267 3026 435 3113 viderint,
452 3029 597 3104 avolant
613 3053 749 3104 omnes.

241 3203 418 3277 Doctrina
438 3207 551 3282 sed
517 3233 591 3291 vim
611 3215 801 3304 promovet
816 3206 969 3294 insitam,

242 3303 430 3402 Rectique
445 3307 566 3382 cultus
583 3318 733 3406 pectora
758 3308 941 3383 roborant.
