2644 4000
543 72 689 140 ²18

172 267 296 340 Lotus
314 288 392 338 sum
410 262 551 337 laudari
569 288 590 336 a
607 262 757 337 laudato
775 262 866 334 viro.
907 270 910 277 '
1063 345 1066 360 .

172 365 273 439 Vitae
290 365 430 439 summ'a
447 363 567 437 brevis
585 388 686 460 spem
704 387 769 436 nos
789 369 884 436 vetat
902 361 1072 458 inchoare
1100 362 1185 434 lon·

268 490 364 563 gam.
501 521 502 524 ,
965 459 969 470 ’
1067 469 1071 475 ''

171 563 326 650 Fructu,
344 587 414 636 non
434 561 540 648 soliis,
555 563 723 636 arborem
742 562 889 636 aestima.

171 664 294 738 Nemo
311 662 368 735 vir
384 687 536 761 magnus
554 650 629 738 sine
644 662 769 736 afflatu
783 661 907 735 divino
923 685 1083 760 unquam
1096 659 1180 734 fuit.

170 764 312 837 Videre
331 773 452 835 nostra
469 762 563 835 mala
581 787 650 838 non
670 785 872 858 possumus.
1030 782 1032 788 ⁴
1156 767 1182 830 5

171 863 294 938 Nemo
308 865 466 958 repente
480 860 550 934 fuit
565 861 807 958 turpissimus,

171 961 251 1044 Qui
269 960 407 1058 cupiet,
422 969 563 1034 metuet
580 986 747 1060 quoque.

169 1063 212 1136 In
232 1060 401 1136 secundis
419 1061 518 1143 time,
537 1064 572 1132 io
591 1062 750 1136 adversis
767 1085 884 1159 spera.

171 1163 297 1236 Homo
315 1161 446 1233 doctus
464 1160 499 1232 in
518 1183 555 1233 se
574 1185 719 1258 semper
735 1161 879 1236 divitias
895 1159 1018 1234 habet.

170 1259 235 1334 Sol
253 1259 449 1332 locatorio
468 1260 588 1338 mediet
607 1261 732 1335 mundi
751 1262 847 1336 sede.
899 1323 902 1337 .
1134 1263 1181 1330 10

168 1360 270 1432 Intra
288 1357 471 1431 fortunam
491 1359 602 1432 debet
620 1362 782 1459 quisque
800 1383 946 1436 manere
966 1381 1078 1433 suam.

168 1459 227 1533 Ut
240 1457 381 1546 ameris,
398 1457 563 1530 amabitis
580 1469 669 1533 esto.
914 1456 917 1461 ’
936 1546 940 1556 1

132 1601 134 1605 ν
168 1557 290 1632 Terra
307 1557 579 1630 circdm‘solem
598 1557 769 1632 volvitur.
1032 1593 1046 1624 ι

170 1656 393 1752 Decipimur
406 1658 530 1751 specie
549 1657 652 1730 recti.

123 1778 128 1788 ’
170 1758 274 1839 Quid
294 1757 340 1829 sit
357 1754 525 1829 futurum
543 1780 636 1841 cras,
654 1754 742 1850 fuge
757 1780 958 1854 quaerere..
1134 1759 1185 1824 15

169 1855 300 1932 Exitio
317 1864 372 1929 est
389 1854 503 1927 avidis
516 1866 620 1929 vmare
639 1854 770 1928 nautis.

170 1955 360 2030 Coodiunt
376 1954 546 2050 AEgyptii
566 1965 732 2028 mortuos
749 1964 786 2028 et
800 1980 864 2029 eos
881 1955 981 2029 domi
999 1960 1155 2028 servant.

167 2053 1181 2151 Maximeadmiramureumquipecrmidnonmdvetur.

65 2142 73 2164 ²
168 2155 276 2230 Mors
292 2152 455 2227 omnium
475 2154 652 2227 matorum
672 2165 821 2228 sensum*
834 2152 971 2228 adimit.

169 2253 401 2351 Cupiditates
418 2253 625 2327 animisunt
644 2255 774 2327 morbi.
828 2321 841 2346 ⁸.
1129 2256 1181 2322 20

169 2353 237 2427 Est
248 2353 374 2451 aliqua
385 2352 572 2446 sapientiae
587 2378 669 2448 pars
682 2354 873 2428 stultitiam
882 2351 1026 2426 silentio
1037 2359 1181 2447 tegere.

169 2455 247 2528 Res
265 2452 428 2526 omnium
447 2451 570 2526 rerum
588 2461 643 2526 est
661 2451 915 2528 nocentissima
938 2451 1129 2526 calumnia.

71 2583 74 2590 ·
170 2554 298 2626 Otium
315 2552 436 2624 omnia
454 2552 548 2624 mala
566 2553 677 2626 docet
695 2553 958 2628 adolescentes.

170 2651 333 2726 Horrida
348 2651 471 2723 callidi
488 2650 636 2724 vincunt
655 2677 805 2750 aequora
822 2653 968 2726 novitae.
1051 2689 1053 2693 v
1079 2639 1082 2648 ’

172 2752 258 2826 Non
277 2751 393 2823 omnis
411 2750 556 2824 moriar.
1132 2754 1180 2818 25

170 2851 258 2926 Non
277 2849 369 2923 scire
387 2849 441 2923 fas
458 2859 513 2923 est
530 2851 662 2924 omnia.

157 2951 336 3024 'Fortuna
354 2973 424 3022 non
444 2957 561 3022 motat
578 2975 703 3047 genus⁰

170 3051 260 3136 Vos,
269 3050 409 3147 quibus
421 3058 475 3122 est
487 3049 613 3135 virtus,
628 3049 848 3125 muliebrem
861 3051 979 3125 tollite
994 3059 1180 3148 questum.

172 3151 290 3224 Mella
304 3163 405 3222 'cava
423 3158 568 3222 manant
586 3149 632 3224 ex
652 3151 747 3224 ilice.

170 3251 271 3324 Dum
289 3250 403 3323 vitant
417 3247 520 3334 stulti
536 3248 634 3348 vitio,
649 3249 684 3324 in
703 3249 884 3339 contraria
901 3259 1063 3325 currunt.
1135 3257 1182 3321 30
