2644 4000
607 87 730 248 'roz'

153 329 264 404 Tunc
282 328 422 424 patitur
437 325 560 402 cultus
571 350 677 424 ager,
693 334 730 400 et
753 325 952 400 renovatur
969 330 1113 412 arnum
1179 304 1182 310 ¹

85 514 89 520 ,
202 429 300 504 Haec
316 427 401 526 anni
418 427 558 504 novitas
570 427 656 524 jure
675 429 839 502 vocarrda
857 424 937 498 suit.
1024 478 1029 490 i

203 628 297 706 cum
315 626 586 702 Lacedaemonii
613 628 713 726 gravi
734 626 832 698 bello
850 625 1010 717 Atticos
1023 620 1174 721 prenae·=

153 737 248 815 rent,
275 729 598 825 respondissetque
629 727 797 822 Pythius,
822 750 985 824 quorum
1013 727 1092 800 dux
1119 727 1168 800 ab
1221 817 1225 823 .

154 829 257 902 hoste
275 837 371 903 esset
388 830 544 913 occisus,
561 845 626 902 eos
643 825 787 900 futuros
809 825 1019 921 superiores
1034 855 1044 910 ;
1070 825 1185 918 Cod’y

153 953 227 1013 rus,
245 953 311 1009 rex
332 927 627 1012 Atheniensium,
646 926 814 1022 deposita
834 934 934 1000 veste
953 924 1069 1022 regit,
1086 950 1170 1021 pas·

35 1037 44 1069 “’
153 1028 307 1102 totalem
332 1028 475 1112 cultum
501 1026 632 1113 induit,
658 1026 914 1122 immistusque
939 1024 1070 1098 castris
1088 1027 1170 1098 hos·

153 1125 259 1212 tium,
278 1126 393 1200 rixam
411 1127 523 1211 ciens,
542 1128 757 1200 interemtus
773 1137 840 1199 est.
892 1126 1056 1198 Codrum
1081 1149 1171 1198 cum

152 1237 273 1302 morte
293 1237 429 1307 aeterna
445 1225 575 1320 gloria,
605 1226 851 1299 Athenienses
869 1233 994 1298 secuta
1011 1223 1170 1298 viatoria
1283 1303 1286 1309 Δ

155 1335 221 1399 est.
274 1324 371 1408 Quis
389 1351 474 1400 euru
494 1351 565 1400 non
584 1327 749 1412 miretur,
770 1324 835 1422 qui
855 1325 898 1396 iis
916 1325 1056 1397 artibus
1074 1347 1171 1400 ruor-

151 1433 226 1500 tem
239 1425 443 1523 quaesierit,
456 1427 595 1526 quibus
608 1425 807 1524 abignaris
822 1425 895 1498 vita
910 1423 1032 1522 quaeri
1047 1424 1139 1508 solet
1153 1421 1167 1494 i

156 1622 251 1720 Spes
269 1593 368 1711 facit,
387 1632 428 1698 ut
445 1624 544 1704 vivat
561 1626 704 1701 cinctus
721 1649 879 1722 quoque
896 1623 1080 1720 compede
1097 1619 1172 1697 fos·

204 1749 417 1919 'Libeigq’ue
435 1848 456 1896 a
473 1812 572 1901 ferro
589 1849 698 1899 crura
714 1823 841 1898 fotura
859 1834 980 1916 putet.
1066 1899 1067 1902 ,

156 1919 252 1996 Haec
271 1921 358 1996 iacit
377 1934 429 2008 ut,
447 1923 571 1999 videat
588 1928 672 1999 oiim
690 1935 805 1996 terras
823 1924 994 2021 undique
1011 1907 1127 2006 nelias

166 2043 169 2050 ·
205 2019 431 2116 Naufragus,
449 2015 485 2094 iu
504 2023 658 2096 meddiis
675 2023 954 2119 braoiriaJaotet
970 2024 1089 2120 aquis.

156 2119 264 2213 sepe
284 2120 447 2216 aliquem
466 2123 579 2194 solers
597 2121 828 2206 medicorum
842 2148 929 2196 eura
949 2123 1122 2220 reliquit:
1145 2185 1148 2192 .
1268 2155 1269 2161 ¹

20 2253 23 2259 ·
207 2218 293 2292 Non
311 2244 393 2315 spes
413 2221 510 2305 huir,
527 2224 621 2299 venri
640 2221 851 2307 definiente,
868 2223 975 2294 eadit.

53 2335 57 2346 ·
155 2319 313 2397 Carcere
331 2319 506 2395 dicuntur
523 2321 638 2393 oiausi
656 2346 804 2417 sperare
824 2323 1006 2414 salutem

200 2419 337 2516 Atque
355 2418 502 2515 aliquis,
519 2422 683 2515 pendens
701 2423 737 2494 in
755 2445 881 2506 cruce,
903 2430 987 2494 rota
1004 2418 1103 2498 fauit.

205 2615 489 2702 Themistocles,
508 2626 588 2712 post
608 2619 800 2694 victoriam
827 2618 910 2715 ejus
936 2618 1039 2704 belii,
1064 2621 1171 2714 quod

155 2742 239 2792 eum
256 2717 374 2792 Persis
389 2715 470 2802 fuit,
485 2717 577 2794 dixit
593 2719 628 2800 in
645 2719 823 2793 concione
839 2747 847 2792 :
868 2717 916 2792 Se
932 2719 1069 2792 habere
1085 2743 1172 2792 con·

154 2817 276 2902 silium
303 2815 519 2910 reipublicae
537 2819 707 2905 salutare,
726 2821 787 2892 sed
817 2820 851 2892 id
880 2817 972 2894 eniri
981 2841 1079 2914 opus
1097 2843 1184 2891 non,

155 2917 698 3015 esse:p0sru1avit‚ntatiquem
711 2917 1170 3014 populusdaret,quieum

156 3015 457 3090 communicaret.
509 3016 631 3094 Datus
647 3029 701 3093 est
722 3019 918 3096 Aristides.
963 3015 1066 3094 Huic
1080 3018 1168 3092 ille:

157 3115 317 3190 Classem
332 3115 1171 3217 Lacedaemoniorumquesubduetaes'setad
1202 3197 1204 3212 Α
1240 3201 1241 3208 ¹
1277 3131 1279 3136 ’

158 3216 361 3314 Gytheum,
386 3218 482 3294 clam
508 3217 654 3297 incendi
680 3244 812 3316 posse3
836 3243 917 3318 quo
935 3216 1036 3296 facto
1054 3216 1170 3315 [tangi
