2644 4000
476 159 652 226 ‘69

117 344 241 422 Nocte
257 345 360 445 pluit
372 346 463 432 tort,
481 347 636 420 redeunt
655 346 867 442 spectacula
884 371 1012 425 mane:

146 447 336 523 'Dirisum
354 443 551 544 imperium
568 469 654 522 cum
672 445 769 520 Jove
787 448 910 522 Caesar
928 449 1050 522 hahet.

128 675 132 682 ·
165 645 254 722 Non
281 647 398 721 solhm
423 668 471 720 ex
497 646 601 720 malis
627 644 775 742 minima
801 655 951 742 oportet
961 646 1123 742 eligere,

118 747 308 854 sedetiam
320 769 524 844 excerpere
538 770 585 860 er
600 746 654 820 lris
668 745 768 844 ipsis,
782 745 811 819 si
825 746 915 874 quid
932 747 1016 820 insit
1031 744 1128 834 boni.

117 939 220 1020 Rura
232 943 386 1042 quidem
399 949 456 1020 est
468 943 595 1032 virtus,
613 968 726 1042 quem
745 967 817 1019 non
830 944 980 1018 fortuna
995 943 1130 1044 guber·

87 1229 90 1238 k
168 1053 428 1226 Quaenrirta’neat
445 1107 578 1231 stabili,
592 1130 680 1253 'chrn
698 1142 794 1242 fugit
813 1145 888 1230 illa,
906 1142 1015 1240 pede.

166 1340 313 1416 Inventi
339 1348 424 1417 sunt
440 1317 567 1428 multi,
594 1343 662 1440 qui
688 1367 760 1417 non
786 1343 898 1417 modo
922 1339 1131 1439 pecuniam,
1234 1413 1238 1420 ,

2 1531 3 1534 ¹
117 1441 182 1517 eed
200 1441 313 1515 etiam
330 1440 453 1528 vitam,
471 1465 538 1537 pro
554 1442 672 1538 patriai
688 1441 914 1539 profundere
930 1441 1049 1537 parati
1075 1461 1130 1513 es·
1201 1527 1204 1534 Ι

120 1548 225 1627 sent3
243 1540 355 1616 iidem
373 1540 502 1638 gloriae
518 1546 699 1636 jacturam
718 1566 763 1616 ne
777 1539 963 1615 minimam
977 1539 1132 1638 quidem

115 1637 240 1716 lacere
266 1640 417 1725 vellent,
442 1637 554 1712 etiam
581 1640 775 1735 republica
801 1640 1023 1736 postulante.
1074 1637 1133 1712 Ut
1264 1711 1266 1716 .

118 1737 385 1824 Callicratidas,
396 1737 464 1836 qui
475 1737 559 1812 chm
572 1737 942 1835 Lacedaemoniorum
956 1737 1133 1834 duxluis·
1175 1749 1179 1761 ’

118 1849 174 1915 set
194 1837 509 1934 Peloponnesiaco
527 1837 639 1921 bello,
656 1837 851 1935 multaque
863 1836 1133 1933 fecissetegre·

1 1948 2 1956 ’
117 1939 191 2038 gie,
209 1937 318 2011 vertit
337 1937 383 2009 ad
399 1943 609 2012 extremum
627 1935 761 2023 omnia,
779 1935 864 2010 crim
883 1936 1036 2010 consilio
1061 1959 1133 2008 non

116 2036 241 2136 paruit
258 2057 401 2120 eorum,
418 2034 487 2130 qui
513 2034 716 2108 suadebant
741 2059 787 2109 ne
805 2037 920 2109 classe
938 2035 1133 2109 dimicaret

118 2161 205 2211 cum
226 2133 514 2212 Atheniensibus
527 2161 538 2217 ;
554 2133 693 2230 quibus
707 2133 771 2207 ille
786 2133 975 2230 respondit
990 2160 998 2206 :
1017 2132 1132 2209 Lace·

118 2233 331 2318 daemonios,
348 2232 465 2307 classe
483 2230 548 2308 illa
565 2231 708 2317 amissi,
725 2232 834 2306 aliam
852 2256 1108 2331 perareporse
1123 2262 1134 2318 3

1 2405 2 2420 2
120 2360 159 2410 ee
176 2334 308 2430 lugere
325 2331 403 2405 sine
416 2353 488 2404 suo
505 2331 691 2408 dedecore
709 2354 781 2406 non
799 2355 918 2428 posse.

48 2605 51 2614 ,
119 2530 266 2628 Vipera
282 2529 544 2627 Cappadocem
560 2530 742 2605 malesana
760 2531 959 2618 momordit
971 2477 1037 2618 sat
1053 2532 1134 2630 ipsa
1216 2539 1251 2572 ‘¹

170 2631 329 2706 Gustato
347 2629 461 2742 periit·
474 2629 650 2730 sanguine
668 2631 911 2730 Cappadocis.

134 2873 137 2880 «
171 2828 372 2927 Elephanti
383 2829 486 2928 jhssa
501 2827 653 2916 faciunt,
670 2829 796 2920 leones
809 2831 943 2929 jugum
961 2817 1137 2917 subeunt,¹

119 2930 158 3007 in
172 2929 264 3004 mari
276 2929 384 3003 rituli
398 2929 617 3017 mitescunt3
631 2929 842 3006 hirundines
855 2933 944 3006 verri
957 2939 998 3006 et
1010 2953 1134 3006 mures

122 3029 304 3167 ipdociles
321 3037 416 3106 sunt.
969 3048 973 3057 ·

316 3239 321 3246 ·
420 3185 536 3307 Μαι
552 3230 779 3328 irepertclis·
849 3245 854 3260 ·

1 3417 2 3423 Ν
99 3384 102 3389 ι
126 3329 187 3406 Ad
204 3330 340 3406 decus:
365 3339 405 3406 et
420 3331 553 3408 dextra
570 3332 848 3407 memorandum
865 3330 1027 3418 condere
1045 3355 1110 3404 no·

124 3455 370 3614 Qualhlilhdit
385 3555 575 3630 nunquam
593 3534 705 3608 rebus
723 3530 871 3606 fortuna
889 3529 1071 3606 secundis.
1086 3549 1091 3558 ’
