<?xml version="1.0" encoding="UTF-8"?>
<!DOCTYPE html PUBLIC "-//W3C//DTD XHTML 1.0 Transitional//EN"
    "http://www.w3.org/TR/xhtml1/DTD/xhtml1-transitional.dtd">
<html xmlns="http://www.w3.org/1999/xhtml" xml:lang="en" lang="en">
 <head>
  <title>
</title>
<meta http-equiv="Content-Type" content="text/html;charset=utf-8" />
  <meta name='ocr-system' content='tesseract 3.04.00' />
  <meta name='ocr-capabilities' content='ocr_page ocr_carea ocr_par ocr_line ocrx_word'/>
</head>
<body>
  <div class='ocr_page' id='page_1' title='image "./delectussentent03valpgoog_0090.png"; bbox 0 0 2644 4000; ppageno 0'>
   <div class='ocr_carea' id='block_1_1' title="bbox 649 152 698 222">
    <p class='ocr_par' dir='ltr' id='par_1_1' title="bbox 649 152 698 222">
     <span class='ocr_line' id='line_1_1' title="bbox 649 152 698 222; baseline -0.02 0"><span class='ocrx_word' id='word_1_1' title='bbox 649 152 698 222; x_wconf 86' lang='grc'>78</span> 
     </span>
    </p>
   </div>
   <div class='ocr_carea' id='block_1_2' title="bbox 129 346 1131 550">
    <p class='ocr_par' dir='ltr' id='par_1_2' title="bbox 129 346 1131 550">
     <span class='ocr_line' id='line_1_2' title="bbox 177 346 1131 450; baseline 0.006 -30"><span class='ocrx_word' id='word_1_2' title='bbox 177 346 325 426; x_wconf 85' lang='lat' dir='ltr'>Vitaret</span> <span class='ocrx_word' id='word_1_3' title='bbox 343 350 482 425; x_wconf 88' lang='lat' dir='ltr'>ooelum</span> <span class='ocrx_word' id='word_1_4' title='bbox 501 347 707 438; x_wconf 64' lang='lat' dir='ltr'>Phaethon,</span> <span class='ocrx_word' id='word_1_5' title='bbox 736 349 766 422; x_wconf 88' lang='lat' dir='ltr'>si</span> <span class='ocrx_word' id='word_1_6' title='bbox 783 347 938 436; x_wconf 84' lang='lat' dir='ltr'>viveret;</span> <span class='ocrx_word' id='word_1_7' title='bbox 962 357 1016 438; x_wconf 56' lang='lat' dir='ltr'>,et</span> <span class='ocrx_word' id='word_1_8' title='bbox 1035 375 1131 450; x_wconf 90' lang='lat' dir='ltr'>quos</span> 
     </span>
     <span class='ocr_line' id='line_1_3' title="bbox 129 449 979 550; baseline 0.002 -28"><span class='ocrx_word' id='word_1_9' title='bbox 129 483 131 488; x_wconf 51' lang='lat'><strong><em>¹</em></strong></span> <span class='ocrx_word' id='word_1_10' title='bbox 193 449 385 544; x_wconf 80' lang='lat' dir='ltr'>·0ptslrat</span> <span class='ocrx_word' id='word_1_11' title='bbox 402 451 526 536; x_wconf 69' lang='lat' dir='ltr'>stulte,</span> <span class='ocrx_word' id='word_1_12' title='bbox 542 459 696 550; x_wconf 84' lang='lat' dir='ltr'>tangere</span> <span class='ocrx_word' id='word_1_13' title='bbox 714 449 831 525; x_wconf 86' lang='lat' dir='ltr'>nollet</span> <span class='ocrx_word' id='word_1_14' title='bbox 848 473 979 548; x_wconf 89' lang='lat' dir='ltr'>equos.</span> 
     </span>
    </p>
   </div>
   <div class='ocr_carea' id='block_1_3' title="bbox 99 648 1193 747">
    <p class='ocr_par' dir='ltr' id='par_1_3' title="bbox 99 648 1193 747">
     <span class='ocr_line' id='line_1_4' title="bbox 99 648 1193 747; baseline 0.01 -27"><span class='ocrx_word' id='word_1_15' title='bbox 99 689 101 698; x_wconf 28' lang='grc' dir='ltr'>κ</span> <span class='ocrx_word' id='word_1_16' title='bbox 226 649 268 723; x_wconf 84' lang='lat' dir='ltr'>C.</span> <span class='ocrx_word' id='word_1_17' title='bbox 297 648 423 724; x_wconf 78' lang='lat' dir='ltr'>Julius</span> <span class='ocrx_word' id='word_1_18' title='bbox 454 650 590 736; x_wconf 86' lang='lat' dir='ltr'>Caesar,</span> <span class='ocrx_word' id='word_1_19' title='bbox 620 651 689 747; x_wconf 88' lang='lat' dir='ltr'>qui</span> <span class='ocrx_word' id='word_1_20' title='bbox 718 649 876 724; x_wconf 69' lang='lat' dir='ltr'>victorii</span> <span class='ocrx_word' id='word_1_21' title='bbox 906 649 1193 731; x_wconf 71' lang='lat' dir='ltr'>clementissime</span> 
     </span>
    </p>
   </div>
   <div class='ocr_carea' id='block_1_4' title="bbox 42 749 1252 949">
    <p class='ocr_par' dir='ltr' id='par_1_4' title="bbox 42 749 1252 949">
     <span class='ocr_line' id='line_1_5' title="bbox 42 749 1252 850; baseline 0.005 -30"><span class='ocrx_word' id='word_1_22' title='bbox 42 813 44 820; x_wconf 82' lang='grc'>,</span> <span class='ocrx_word' id='word_1_23' title='bbox 175 772 263 824; x_wconf 91' lang='lat' dir='ltr'>usus</span> <span class='ocrx_word' id='word_1_24' title='bbox 280 760 347 836; x_wconf 88' lang='lat' dir='ltr'>est,</span> <span class='ocrx_word' id='word_1_25' title='bbox 365 753 450 824; x_wconf 78' lang='lat' dir='ltr'>cim</span> <span class='ocrx_word' id='word_1_26' title='bbox 468 750 602 824; x_wconf 85' lang='lat' dir='ltr'>scrinia</span> <span class='ocrx_word' id='word_1_27' title='bbox 627 749 932 850; x_wconf 78' lang='lat' dir='ltr'><strong>deprehendisset</strong></span> <span class='ocrx_word' id='word_1_28' title='bbox 949 753 1195 848; x_wconf 82' lang='lat' dir='ltr'>epistolarum</span> <span class='ocrx_word' id='word_1_29' title='bbox 1248 820 1252 826; x_wconf 88' lang='lat'>.</span> 
     </span>
     <span class='ocr_line' id='line_1_6' title="bbox 175 849 1217 949; baseline 0.006 -27"><span class='ocrx_word' id='word_1_30' title='bbox 175 851 221 922; x_wconf 88' lang='lat' dir='ltr'>ad</span> <span class='ocrx_word' id='word_1_31' title='bbox 241 850 461 946; x_wconf 88' lang='lat' dir='ltr'>Pompeium</span> <span class='ocrx_word' id='word_1_32' title='bbox 479 851 669 926; x_wconf 86' lang='lat' dir='ltr'>missarum</span> <span class='ocrx_word' id='word_1_33' title='bbox 687 851 776 924; x_wconf 85' lang='lat' dir='ltr'>ab”</span> <span class='ocrx_word' id='word_1_34' title='bbox 752 877 808 937; x_wconf 88' lang='lat' dir='ltr'>ns,</span> <span class='ocrx_word' id='word_1_35' title='bbox 834 874 901 949; x_wconf 82' lang='lat' dir='ltr'>qur</span> <span class='ocrx_word' id='word_1_36' title='bbox 890 849 1143 929; x_wconf 85' lang='lat' dir='ltr'>videbantur</span> <span class='ocrx_word' id='word_1_37' title='bbox 1160 853 1217 928; x_wconf 89' lang='lat' dir='ltr'>in&#39;</span> 
     </span>
    </p>
   </div>
   <div class='ocr_carea' id='block_1_5' title="bbox 109 948 1197 1130">
    <p class='ocr_par' dir='ltr' id='par_1_5' title="bbox 109 948 1197 1130">
     <span class='ocr_line' id='line_1_7' title="bbox 174 948 1197 1123; baseline 0.008 -102"><span class='ocrx_word' id='word_1_38' title='bbox 174 949 328 1123; x_wconf 61' lang='lat' dir='ltr'>piverpis</span> <span class='ocrx_word' id='word_1_39' title='bbox 345 950 456 1026; x_wconf 88' lang='lat' dir='ltr'>fnisse</span> <span class='ocrx_word' id='word_1_40' title='bbox 482 949 662 1046; x_wconf 89' lang='lat' dir='ltr'>partibus,</span> <span class='ocrx_word' id='word_1_41' title='bbox 689 951 815 1051; x_wconf 83' lang='lat' dir='ltr'>legere</span> <span class='ocrx_word' id='word_1_42' title='bbox 842 948 975 1038; x_wconf 86' lang='lat' dir='ltr'>noluit,</span> <span class='ocrx_word' id='word_1_43' title='bbox 1003 954 1068 1028; x_wconf 91' lang='lat' dir='ltr'>sed</span> <span class='ocrx_word' id='word_1_44' title='bbox 1093 978 1197 1029; x_wconf 89' lang='lat' dir='ltr'>com·</span> 
     </span>
     <span class='ocr_line' id='line_1_8' title="bbox 109 1073 276 1130; baseline -0.048 0"><span class='ocrx_word' id='word_1_45' title='bbox 109 1123 113 1130; x_wconf 74' lang='grc'><strong>,</strong></span> <span class='ocrx_word' id='word_1_46' title='bbox 204 1073 276 1124; x_wconf 78' lang='lat' dir='ltr'>ussi</span> 
     </span>
    </p>
   </div>
   <div class='ocr_carea' id='block_1_6' title="bbox 175 1236 1174 1349">
    <p class='ocr_par' dir='ltr' id='par_1_6' title="bbox 175 1236 1174 1349">
     <span class='ocr_line' id='line_1_9' title="bbox 175 1236 1174 1349; baseline 0.006 -27"><span class='ocrx_word' id='word_1_47' title='bbox 175 1247 235 1324; x_wconf 87' lang='lat' dir='ltr'>En</span> <span class='ocrx_word' id='word_1_48' title='bbox 253 1275 337 1348; x_wconf 83' lang='lat' dir='ltr'>ego,</span> <span class='ocrx_word' id='word_1_49' title='bbox 356 1275 427 1325; x_wconf 89' lang='lat' dir='ltr'>non</span> <span class='ocrx_word' id='word_1_50' title='bbox 445 1241 575 1349; x_wconf 86' lang='lat' dir='ltr'>paucis</span> <span class='ocrx_word' id='word_1_51' title='bbox 593 1253 782 1349; x_wconf 88' lang='lat' dir='ltr'>quondam</span> <span class='ocrx_word' id='word_1_52' title='bbox 801 1253 967 1327; x_wconf 88' lang='lat' dir='ltr'>munitus</span> <span class='ocrx_word' id='word_1_53' title='bbox 985 1236 1127 1341; x_wconf 87' lang='lat' dir='ltr'>amicis,</span> <span class='ocrx_word' id='word_1_54' title='bbox 1170 1300 1174 1306; x_wconf 84' lang='lat'><em>-</em></span> 
     </span>
    </p>
   </div>
   <div class='ocr_carea' id='block_1_7' title="bbox 225 1351 979 1439">
    <p class='ocr_par' dir='ltr' id='par_1_7' title="bbox 225 1351 979 1439">
     <span class='ocr_line' id='line_1_10' title="bbox 225 1351 979 1439; baseline 0.001 -13"><span class='ocrx_word' id='word_1_55' title='bbox 225 1352 327 1426; x_wconf 87' lang='lat' dir='ltr'>Dum</span> <span class='ocrx_word' id='word_1_56' title='bbox 346 1351 445 1425; x_wconf 86' lang='lat' dir='ltr'>flavit</span> <span class='ocrx_word' id='word_1_57' title='bbox 465 1351 557 1425; x_wconf 87' lang='lat' dir='ltr'>velis</span> <span class='ocrx_word' id='word_1_58' title='bbox 574 1375 663 1426; x_wconf 86' lang='lat' dir='ltr'>aura</span> <span class='ocrx_word' id='word_1_59' title='bbox 681 1353 844 1426; x_wconf 84' lang='lat' dir='ltr'>secunda</span> <span class='ocrx_word' id='word_1_60' title='bbox 862 1352 979 1439; x_wconf 85' lang='lat' dir='ltr'>meis3</span> 
     </span>
    </p>
   </div>
   <div class='ocr_carea' id='block_1_8' title="bbox 176 1451 1205 1551">
    <p class='ocr_par' dir='ltr' id='par_1_8' title="bbox 176 1451 1205 1551">
     <span class='ocr_line' id='line_1_11' title="bbox 176 1451 1205 1551; baseline -0.01 -22"><span class='ocrx_word' id='word_1_61' title='bbox 176 1451 233 1528; x_wconf 90' lang='lat' dir='ltr'>Ut</span> <span class='ocrx_word' id='word_1_62' title='bbox 251 1452 329 1526; x_wconf 83' lang='lat' dir='ltr'>fera</span> <span class='ocrx_word' id='word_1_63' title='bbox 348 1451 517 1526; x_wconf 88' lang='lat' dir='ltr'>nimboso</span> <span class='ocrx_word' id='word_1_64' title='bbox 536 1460 753 1526; x_wconf 86' lang='lat' dir='ltr'>tumuerunt</span> <span class='ocrx_word' id='word_1_65' title='bbox 772 1476 926 1551; x_wconf 83' lang='lat' dir='ltr'>aequora</span> <span class='ocrx_word' id='word_1_66' title='bbox 947 1461 1072 1541; x_wconf 78' lang='lat' dir='ltr'>vento,</span> <span class='ocrx_word' id='word_1_67' title='bbox 1090 1482 1091 1490; x_wconf 47' lang='lat'>¹</span> <span class='ocrx_word' id='word_1_68' title='bbox 1201 1479 1205 1484; x_wconf 94' lang='lat'>·</span> 
     </span>
    </p>
   </div>
   <div class='ocr_carea' id='block_1_9' title="bbox 227 1539 1081 1652">
    <p class='ocr_par' dir='ltr' id='par_1_9' title="bbox 227 1539 1081 1652">
     <span class='ocr_line' id='line_1_12' title="bbox 227 1539 1081 1652; baseline 0.007 -29"><span class='ocrx_word' id='word_1_69' title='bbox 227 1551 271 1625; x_wconf 89' lang='lat' dir='ltr'>ln</span> <span class='ocrx_word' id='word_1_70' title='bbox 289 1539 431 1639; x_wconf 85' lang='lat' dir='ltr'>mediis,</span> <span class='ocrx_word' id='word_1_71' title='bbox 449 1553 572 1630; x_wconf 71' lang='lat' dir='ltr'>laceri</span> <span class='ocrx_word' id='word_1_72' title='bbox 591 1567 731 1651; x_wconf 88' lang='lat' dir='ltr'>puppe,</span> <span class='ocrx_word' id='word_1_73' title='bbox 750 1551 945 1652; x_wconf 86' lang='lat' dir='ltr'>relinquor</span> <span class='ocrx_word' id='word_1_74' title='bbox 961 1553 1081 1652; x_wconf 82' lang='lat' dir='ltr'>aquis.</span> 
     </span>
    </p>
   </div>
   <div class='ocr_carea' id='block_1_10' title="bbox 43 1749 1289 1950">
    <p class='ocr_par' dir='ltr' id='par_1_10' title="bbox 43 1749 1289 1950">
     <span class='ocr_line' id='line_1_13' title="bbox 43 1749 1289 1849; baseline 0.002 -21"><span class='ocrx_word' id='word_1_75' title='bbox 43 1805 45 1812; x_wconf 83' lang='lat'><em>.</em></span> <span class='ocrx_word' id='word_1_76' title='bbox 146 1750 151 1758; x_wconf 78' lang='grc'>’</span> <span class='ocrx_word' id='word_1_77' title='bbox 226 1755 431 1836; x_wconf 75' lang='lat' dir='ltr'>AEscltines,</span> <span class='ocrx_word' id='word_1_78' title='bbox 446 1751 530 1826; x_wconf 74' lang='lat' dir='ltr'>cim</span> <span class='ocrx_word' id='word_1_79' title='bbox 546 1761 700 1848; x_wconf 84' lang='lat' dir='ltr'>propter</span> <span class='ocrx_word' id='word_1_80' title='bbox 717 1749 957 1848; x_wconf 84' lang='lat' dir='ltr'>ignominiam</span> <span class='ocrx_word' id='word_1_81' title='bbox 968 1752 1105 1849; x_wconf 84' lang='lat' dir='ltr'>judicii</span> <span class='ocrx_word' id='word_1_82' title='bbox 1119 1779 1198 1832; x_wconf 86' lang='lat' dir='ltr'>ces</span> <span class='ocrx_word' id='word_1_83' title='bbox 1285 1799 1289 1808; x_wconf 95' lang='lat'>·</span> 
     </span>
     <span class='ocr_line' id='line_1_14' title="bbox 46 1851 1195 1950; baseline 0 -22"><span class='ocrx_word' id='word_1_84' title='bbox 46 1937 48 1942; x_wconf 52' lang='grc'>,</span> <span class='ocrx_word' id='word_1_85' title='bbox 175 1855 279 1928; x_wconf 78' lang='lat' dir='ltr'>sisset</span> <span class='ocrx_word' id='word_1_86' title='bbox 300 1851 470 1936; x_wconf 75' lang='lat' dir='ltr'>Athenis,</span> <span class='ocrx_word' id='word_1_87' title='bbox 487 1862 581 1925; x_wconf 84' lang='lat' dir='ltr'>etse</span> <span class='ocrx_word' id='word_1_88' title='bbox 599 1852 777 1928; x_wconf 86' lang='lat' dir='ltr'>Rhodum</span> <span class='ocrx_word' id='word_1_89' title='bbox 796 1851 1025 1939; x_wconf 87' lang='lat' dir='ltr'>contulisset,</span> <span class='ocrx_word' id='word_1_90' title='bbox 1042 1865 1195 1950; x_wconf 84' lang='lat' dir='ltr'>rogatus</span> 
     </span>
    </p>
   </div>
   <div class='ocr_carea' id='block_1_11' title="bbox 176 1951 1197 2052">
    <p class='ocr_par' dir='ltr' id='par_1_11' title="bbox 176 1951 1197 2052">
     <span class='ocr_line' id='line_1_15' title="bbox 176 1951 1197 2052; baseline -0.001 -23.963"><span class='ocrx_word' id='word_1_91' title='bbox 176 1952 380 2037; x_wconf 88' lang='lat' dir='ltr'>aRhodiis,</span> <span class='ocrx_word' id='word_1_92' title='bbox 393 1951 524 2049; x_wconf 75' lang='lat' dir='ltr'>legisse</span> <span class='ocrx_word' id='word_1_93' title='bbox 536 1951 654 2026; x_wconf 77' lang='lat' dir='ltr'>lentur</span> <span class='ocrx_word' id='word_1_94' title='bbox 665 1951 871 2027; x_wconf 75' lang='lat' dir='ltr'>orationem</span> <span class='ocrx_word' id='word_1_95' title='bbox 884 1952 984 2026; x_wconf 76' lang='lat' dir='ltr'>allam</span> <span class='ocrx_word' id='word_1_96' title='bbox 993 1974 1197 2052; x_wconf 76' lang='lat' dir='ltr'>esregsam,</span> 
     </span>
    </p>
   </div>
   <div class='ocr_carea' id='block_1_12' title="bbox 59 2052 1318 2450">
    <p class='ocr_par' dir='ltr' id='par_1_12' title="bbox 59 2052 1318 2450">
     <span class='ocr_line' id='line_1_16' title="bbox 174 2052 1318 2153; baseline -0.003 -25"><span class='ocrx_word' id='word_1_97' title='bbox 174 2080 288 2153; x_wconf 87' lang='lat' dir='ltr'>quam</span> <span class='ocrx_word' id='word_1_98' title='bbox 307 2053 342 2125; x_wconf 90' lang='lat' dir='ltr'>in</span> <span class='ocrx_word' id='word_1_99' title='bbox 362 2052 643 2148; x_wconf 87' lang='lat' dir='ltr'>Ctesiphontem</span> <span class='ocrx_word' id='word_1_100' title='bbox 657 2062 790 2126; x_wconf 85' lang='lat' dir='ltr'>eontra</span> <span class='ocrx_word' id='word_1_101' title='bbox 805 2052 1097 2132; x_wconf 78' lang='lat' dir='ltr'>Demosthenem</span> <span class='ocrx_word' id='word_1_102' title='bbox 1116 2053 1199 2126; x_wconf 86' lang='lat' dir='ltr'>dix·</span> <span class='ocrx_word' id='word_1_103' title='bbox 1317 2091 1318 2096; x_wconf 59' lang='lat'><em>=</em></span> 
     </span>
     <span class='ocr_line' id='line_1_17' title="bbox 65 2152 1194 2249; baseline -0.001 -21"><span class='ocrx_word' id='word_1_104' title='bbox 65 2233 67 2238; x_wconf 70' lang='grc'>,</span> <span class='ocrx_word' id='word_1_105' title='bbox 173 2164 275 2228; x_wconf 87' lang='lat' dir='ltr'>erat:</span> <span class='ocrx_word' id='word_1_106' title='bbox 303 2153 380 2249; x_wconf 84' lang='lat' dir='ltr'>qna</span> <span class='ocrx_word' id='word_1_107' title='bbox 408 2153 587 2248; x_wconf 70' lang='lat' dir='ltr'>perlecti,</span> <span class='ocrx_word' id='word_1_108' title='bbox 614 2152 773 2249; x_wconf 87' lang='lat' dir='ltr'>petltum</span> <span class='ocrx_word' id='word_1_109' title='bbox 791 2163 845 2227; x_wconf 86' lang='lat' dir='ltr'>est</span> <span class='ocrx_word' id='word_1_110' title='bbox 863 2153 910 2224; x_wconf 85' lang='lat' dir='ltr'>ab</span> <span class='ocrx_word' id='word_1_111' title='bbox 928 2177 974 2225; x_wconf 90' lang='lat' dir='ltr'>eo</span> <span class='ocrx_word' id='word_1_112' title='bbox 1002 2152 1194 2248; x_wconf 83' lang='lat' dir='ltr'>postridie,</span> 
     </span>
     <span class='ocr_line' id='line_1_18' title="bbox 175 2250 1318 2370; baseline -0.004 -42"><span class='ocrx_word' id='word_1_113' title='bbox 175 2261 216 2328; x_wconf 91' lang='lat' dir='ltr'>ut</span> <span class='ocrx_word' id='word_1_114' title='bbox 234 2253 377 2349; x_wconf 78' lang='lat' dir='ltr'>legeret</span> <span class='ocrx_word' id='word_1_115' title='bbox 395 2250 496 2326; x_wconf 89' lang='lat' dir='ltr'>illam</span> <span class='ocrx_word' id='word_1_116' title='bbox 510 2252 634 2338; x_wconf 87' lang='lat' dir='ltr'>etiam,</span> <span class='ocrx_word' id='word_1_117' title='bbox 648 2277 736 2370; x_wconf 83' lang='lat' dir='ltr'>quae</span> <span class='ocrx_word' id='word_1_118' title='bbox 753 2261 833 2328; x_wconf 85' lang='lat' dir='ltr'>erat</span> <span class='ocrx_word' id='word_1_119' title='bbox 850 2258 977 2327; x_wconf 86' lang='lat' dir='ltr'>eontra</span> <span class='ocrx_word' id='word_1_120' title='bbox 994 2276 1016 2325; x_wconf 87' lang='lat' dir='ltr'>a</span> <span class='ocrx_word' id='word_1_121' title='bbox 1033 2251 1192 2326; x_wconf 89' lang='lat' dir='ltr'>Demos·</span> <span class='ocrx_word' id='word_1_122' title='bbox 1316 2333 1318 2340; x_wconf 22' lang='lat'><strong>¹</strong></span> 
     </span>
     <span class='ocr_line' id='line_1_19' title="bbox 59 2351 1197 2450; baseline -0.005 -21"><span class='ocrx_word' id='word_1_123' title='bbox 59 2365 63 2372; x_wconf 85' lang='grc'><strong>“</strong></span> <span class='ocrx_word' id='word_1_124' title='bbox 171 2356 282 2429; x_wconf 83' lang='lat' dir='ltr'>thone</span> <span class='ocrx_word' id='word_1_125' title='bbox 303 2377 369 2449; x_wconf 88' lang='lat' dir='ltr'>pro</span> <span class='ocrx_word' id='word_1_126' title='bbox 387 2351 628 2450; x_wconf 84' lang='lat' dir='ltr'>Ctesiphonte</span> <span class='ocrx_word' id='word_1_127' title='bbox 647 2351 758 2428; x_wconf 85' lang='lat' dir='ltr'>edita.</span> <span class='ocrx_word' id='word_1_128' title='bbox 811 2351 991 2433; x_wconf 73' lang='lat' dir='ltr'>Quam</span> <span class='ocrx_word' id='word_1_129' title='bbox 953 2375 1039 2424; x_wconf 84' lang='lat' dir='ltr'>cum</span> <span class='ocrx_word' id='word_1_130' title='bbox 1056 2351 1197 2424; x_wconf 84' lang='lat' dir='ltr'>suavis·</span> 
     </span>
    </p>
   </div>
   <div class='ocr_carea' id='block_1_13' title="bbox 156 2448 1199 2552">
    <p class='ocr_par' dir='ltr' id='par_1_13' title="bbox 156 2448 1199 2552">
     <span class='ocr_line' id='line_1_20' title="bbox 156 2448 1199 2552; baseline -0.007 -24"><span class='ocrx_word' id='word_1_131' title='bbox 156 2455 265 2530; x_wconf 75' lang='lat' dir='ltr'>simei</span> <span class='ocrx_word' id='word_1_132' title='bbox 283 2463 319 2526; x_wconf 88' lang='lat' dir='ltr'>et</span> <span class='ocrx_word' id='word_1_133' title='bbox 338 2453 498 2531; x_wconf 83' lang='lat' dir='ltr'>maxima</span> <span class='ocrx_word' id='word_1_134' title='bbox 517 2477 608 2526; x_wconf 83' lang='lat' dir='ltr'>voce</span> <span class='ocrx_word' id='word_1_135' title='bbox 624 2452 785 2552; x_wconf 85' lang='lat' dir='ltr'>legisset,</span> <span class='ocrx_word' id='word_1_136' title='bbox 799 2448 1067 2526; x_wconf 81' lang='lat' dir='ltr'>admirantibus</span> <span class='ocrx_word' id='word_1_137' title='bbox 1082 2448 1199 2523; x_wconf 91' lang='lat' dir='ltr'>omni·</span> 
     </span>
    </p>
   </div>
   <div class='ocr_carea' id='block_1_14' title="bbox 174 2549 1199 2653">
    <p class='ocr_par' dir='ltr' id='par_1_14' title="bbox 174 2549 1199 2653">
     <span class='ocr_line' id='line_1_21' title="bbox 174 2549 1199 2653; baseline -0.004 -26"><span class='ocrx_word' id='word_1_138' title='bbox 174 2553 265 2628; x_wconf 84' lang='lat' dir='ltr'>bns:</span> <span class='ocrx_word' id='word_1_139' title='bbox 294 2551 459 2637; x_wconf 77' lang='lat' dir='ltr'>Quanto,</span> <span class='ocrx_word' id='word_1_140' title='bbox 477 2551 610 2650; x_wconf 89' lang='lat' dir='ltr'>inquil,</span> <span class='ocrx_word' id='word_1_141' title='bbox 638 2553 754 2653; x_wconf 87' lang='lat' dir='ltr'>magis</span> <span class='ocrx_word' id='word_1_142' title='bbox 781 2549 1068 2636; x_wconf 82' lang='lat' dir='ltr'>admiraremini,</span> <span class='ocrx_word' id='word_1_143' title='bbox 1081 2549 1199 2623; x_wconf 85' lang='lat' dir='ltr'>siau·</span> 
     </span>
    </p>
   </div>
   <div class='ocr_carea' id='block_1_15' title="bbox 175 2652 580 2774">
    <p class='ocr_par' dir='ltr' id='par_1_15' title="bbox 175 2652 580 2774">
     <span class='ocr_line' id='line_1_22' title="bbox 175 2652 580 2774; baseline -0.002 -47"><span class='ocrx_word' id='word_1_144' title='bbox 175 2654 324 2774; x_wconf 84' lang='lat' dir='ltr'>dissetis</span> <span class='ocrx_word' id='word_1_145' title='bbox 341 2652 484 2748; x_wconf 85' lang='lat' dir='ltr'>ipsum!</span> <span class='ocrx_word' id='word_1_146' title='bbox 578 2692 580 2698; x_wconf 95' lang='lat'>·</span> 
     </span>
    </p>
   </div>
   <div class='ocr_carea' id='block_1_16' title="bbox 154 2850 1177 3318">
    <p class='ocr_par' dir='ltr' id='par_1_16' title="bbox 175 2850 1134 3052">
     <span class='ocr_line' id='line_1_23' title="bbox 175 2850 1132 2947; baseline -0.004 -19"><span class='ocrx_word' id='word_1_147' title='bbox 175 2855 280 2935; x_wconf 79' lang='lat' dir='ltr'>Quid</span> <span class='ocrx_word' id='word_1_148' title='bbox 299 2851 389 2925; x_wconf 88' lang='lat' dir='ltr'>mihi</span> <span class='ocrx_word' id='word_1_149' title='bbox 406 2852 570 2926; x_wconf 77' lang='lat' dir='ltr'>divitia·</span> <span class='ocrx_word' id='word_1_150' title='bbox 560 2879 749 2947; x_wconf 84' lang='lat' dir='ltr'>quarum</span> <span class='ocrx_word' id='word_1_151' title='bbox 767 2878 796 2927; x_wconf 81' lang='lat' dir='ltr'>st</span> <span class='ocrx_word' id='word_1_152' title='bbox 786 2850 993 2927; x_wconf 83' lang='lat' dir='ltr'>demseris</span> <span class='ocrx_word' id='word_1_153' title='bbox 1011 2875 1132 2935; x_wconf 86' lang='lat' dir='ltr'>usum,</span> 
     </span>
     <span class='ocr_line' id='line_1_24' title="bbox 223 2946 1177 3071; baseline -0.003 -44"><span class='ocrx_word' id='word_1_154' title='bbox 223 2952 406 3036; x_wconf 76' lang='lat' dir='ltr'>Quamvis</span> <span class='ocrx_word' id='word_1_155' title='bbox 424 2952 548 3052; x_wconf 81' lang='lat' dir='ltr'>largus</span> <span class='ocrx_word' id='word_1_156' title='bbox 566 2979 695 3071; x_wconf 81' lang='lat' dir='ltr'>ppum,</span> <span class='ocrx_word' id='word_1_157' title='bbox 712 2977 925 3052; x_wconf 80' lang='lat' dir='ltr'>semper</span> <span class='ocrx_word' id='word_1_158' title='bbox 877 2975 1019 3026; x_wconf 68' lang='lat' dir='ltr'>evenus</span> <span class='ocrx_word' id='word_1_159' title='bbox 1036 2977 1130 3026; x_wconf 84' lang='lat' dir='ltr'>eso</span> <span class='ocrx_word' id='word_1_160' title='bbox 1120 2946 1177 3006; x_wconf 82' lang='lat' dir='ltr'>l</span> 
     </span>
    </p>

    <p class='ocr_par' dir='ltr' id='par_1_17' title="bbox 154 3015 1022 3251">
     <span class='ocr_line' id='line_1_25' title="bbox 154 3015 1022 3137; baseline -0.006 -9"><span class='ocrx_word' id='word_1_161' title='bbox 154 3109 156 3114; x_wconf 66' lang='lat'>,</span> <span class='ocrx_word' id='word_1_162' title='bbox 173 3053 259 3137; x_wconf 89' lang='lat' dir='ltr'>Non</span> <span class='ocrx_word' id='word_1_163' title='bbox 278 3053 386 3127; x_wconf 87' lang='lat' dir='ltr'>aliter</span> <span class='ocrx_word' id='word_1_164' title='bbox 403 3053 530 3128; x_wconf 85' lang='lat' dir='ltr'>sitiens</span> <span class='ocrx_word' id='word_1_165' title='bbox 551 3054 685 3128; x_wconf 88' lang='lat' dir='ltr'>vicinas</span> <span class='ocrx_word' id='word_1_166' title='bbox 704 3052 886 3128; x_wconf 88' lang='lat' dir='ltr'>Tantalus</span> <span class='ocrx_word' id='word_1_167' title='bbox 902 3015 1022 3124; x_wconf 89' lang='lat' dir='ltr'>undas</span> 
     </span>
     <span class='ocr_line' id='line_1_26' title="bbox 220 3151 1001 3318; baseline -0.003 -90"><span class='ocrx_word' id='word_1_168' title='bbox 220 3153 365 3251; x_wconf 83' lang='lat' dir='ltr'>Captet,</span> <span class='ocrx_word' id='word_1_169' title='bbox 382 3161 420 3226; x_wconf 94' lang='lat' dir='ltr'>et</span> <span class='ocrx_word' id='word_1_170' title='bbox 438 3154 615 3318; x_wconf 85' lang='lat' dir='ltr'>appositis</span> <span class='ocrx_word' id='word_1_171' title='bbox 634 3154 792 3229; x_wconf 86' lang='lat' dir='ltr'>abstinet</span> <span class='ocrx_word' id='word_1_172' title='bbox 812 3178 878 3226; x_wconf 88' lang='lat' dir='ltr'>ora</span> <span class='ocrx_word' id='word_1_173' title='bbox 896 3151 1001 3226; x_wconf 84' lang='lat' dir='ltr'>cibis</span> 
     </span>
    </p>
   </div>
   <div class='ocr_carea' id='block_1_17' title="bbox 172 3409 1197 3589">
    <p class='ocr_par' dir='ltr' id='par_1_18' title="bbox 172 3409 1197 3589">
     <span class='ocr_line' id='line_1_27' title="bbox 172 3409 1197 3589; baseline -0.005 -62"><span class='ocrx_word' id='word_1_174' title='bbox 172 3454 306 3535; x_wconf 76' lang='lat' dir='ltr'>milites</span> <span class='ocrx_word' id='word_1_175' title='bbox 323 3455 369 3589; x_wconf 86' lang='lat' dir='ltr'>ad</span> <span class='ocrx_word' id='word_1_176' title='bbox 397 3409 622 3552; x_wconf 81' lang='lat' dir='ltr'>supplicium</span> <span class='ocrx_word' id='word_1_177' title='bbox 648 3455 736 3528; x_wconf 84' lang='lat' dir='ltr'>duni</span> <span class='ocrx_word' id='word_1_178' title='bbox 756 3453 907 3555; x_wconf 87' lang='lat' dir='ltr'>jubere,</span> <span class='ocrx_word' id='word_1_179' title='bbox 934 3454 1014 3556; x_wconf 89' lang='lat' dir='ltr'>qui,</span> <span class='ocrx_word' id='word_1_180' title='bbox 1032 3449 1197 3550; x_wconf 85' lang='lat' dir='ltr'>proximi</span> 
     </span>
    </p>
   </div>
   <div class='ocr_carea' id='block_1_18' title="bbox 1310 693 1312 738">
    <p class='ocr_par' dir='ltr' id='par_1_19' title="bbox 1310 693 1312 738">
     <span class='ocr_line' id='line_1_28' title="bbox 1310 693 1312 738; baseline 0 0"><span class='ocrx_word' id='word_1_181' title='bbox 1310 693 1312 738; x_wconf 91' lang='lat' dir='ltr'>l</span> 
     </span>
    </p>
   </div>
   <div class='ocr_carea' id='block_1_19' title="bbox 1310 913 1313 972">
    <p class='ocr_par' dir='ltr' id='par_1_20' title="bbox 1310 913 1313 972">
     <span class='ocr_line' id='line_1_29' title="bbox 1310 913 1313 972; baseline 0 0"><span class='ocrx_word' id='word_1_182' title='bbox 1310 913 1313 972; x_wconf 89' lang='lat' dir='ltr'>l</span> 
     </span>
    </p>
   </div>
   <div class='ocr_carea' id='block_1_20' title="bbox 0 0 1326 4000">
    <p class='ocr_par' dir='ltr' id='par_1_21' title="bbox 0 0 1326 4000">
     <span class='ocr_line' id='line_1_30' title="bbox 0 0 1326 4000; baseline 0 1"><span class='ocrx_word' id='word_1_183' title='bbox 0 0 1326 4000; x_wconf 95' lang='lat' dir='ltr'> </span> 
     </span>
    </p>
   </div>
  </div>
 </body>
</html>
