2644 4000
663 117 712 188 80

171 331 257 382 cere
271 307 390 404 jussit,
418 317 459 380 et
481 317 697 405 protervum
716 309 902 384 hominem
920 309 1060 384 'salvum
1078 315 1114 382 et
1136 305 1190 378 in-

170 408 354 482 columem
367 409 567 484 dimittere.
621 412 672 483 At
686 415 768 496 ros,
784 410 916 508 inquit,
930 410 1048 484 ceteri
1063 407 1188 503 iegati,

167 508 339 602 nunoiate
360 509 659 596 Atheniensibus,
686 512 805 585 mutto
826 510 1063 606 superbiores
1088 531 1185 593 esse,
1307 589 1309 596 k

166 608 234 706 qui
252 607 319 681 ista
336 611 475 694 dicunt,
492 618 606 708 quam
623 612 691 709 qui
709 612 859 714 impune
878 611 975 683 dicta
991 609 1158 718 altrdiunt..

166 806 257 889 Quo
275 810 437 909 quisque
455 818 512 884 est
530 791 657 904 major,
676 810 791 908 magis
808 820 862 884 est
882 809 1073 907 placabitis
1091 809 1169 894 irae,
1190 838 1192 840 ·

54 910 59 919 ’
161 975 163 980 .
217 908 268 982 Er
286 909 411 984 faciles
429 921 550 986 motus
568 926 864 1002 mens'generosa
883 909 995 1005 capit.
1013 957 1015 962 ·

114 1059 119 1070 ·
164 1006 332 1105 Corpora
350 1011 580 1100 magnanimo
598 1011 682 1086 satis
696 1021 750 1084 est
770 1011 973 1108 prostrasse
993 1009 1117 1095 leonis

214 1107 345 1204 Pugna
361 1136 467 1184 suum
487 1111 609 1196 finem,
624 1114 710 1185 rhus
721 1113 826 1206 jacet
845 1111 967 1196 hostis,
983 1111 1105 1183 habet.
1158 1127 1162 1130 ·

163 1208 218 1300 At
237 1209 359 1305 lupus,
378 1221 414 1284 et
433 1221 560 1306 turpes
578 1211 711 1284 instant
729 1210 973 1284 morientibus
992 1209 1080 1295 ursi,

198 1309 268 1396 Et
282 1333 522 1408 quaerunque
540 1310 660 1384 minor
677 1310 869 1385 nobilitate
889 1309 966 1384 sera
984 1319 1063 1384 est..

297 1426 316 1442 ”
352 1430 358 1444 ’
606 1421 608 1430 ’
987 1429 1001 1467 b

209 1507 601 1602 Alexanderhtagnus
613 1508 688 1594 itte,
702 1509 835 1584 crimin
848 1504 972 1601 Sigron
984 1511 1029 1582 ad
1052 1509 1180 1581 Achit-

161 1607 205 1682 lis
222 1610 406 1683 tumulum
426 1609 644 1682 adstitisset:
673 1611 707 1696 Q
725 1607 923 1694 fortunate,
942 1609 1074 1707 iuquit,
1092 1611 1180 1681 ado-

160 1709 313 1794 lescens,
344 1710 411 1806 qui
441 1718 513 1781 tnae
542 1708 688 1781 virtutis
718 1708 929 1784 Homerum
962 1734 1174 1804 praeconem
1232 1792 1233 1796 Ἰ

159 1808 364 1883 inveneris!
398 1807 446 1881 At
465 1811 574 1882 vere:
595 1831 689 1893 nam,
709 1809 775 1881 nisi
794 1809 881 1884 Ilias
899 1809 960 1900 iile
978 1809 1171 1891 extitisset,

159 1907 257 1982 idem
275 1911 451 1993 tumutns,
465 1910 532 2005 qui
550 1919 686 2004 corpus
700 1907 781 2006 ejus
796 1918 1021 1994 contexerat,
1036 1931 1169 1982 nomen

96 2055 97 2058 =
157 2009 269 2082 etiam
287 2007 481 2082 obruisset.

157 2205 256 2282 Vive
274 2207 355 2293 tihi,
372 2211 634 2308 quantumque
654 2219 760 2306 potes
778 2207 979 2306 praelustria
996 2206 1092 2290 vita3

209 2306 356 2383 Saevum
376 2310 558 2406 praelustri
578 2309 717 2386 fulmen
735 2311 782 2383 ab
800 2333 884 2382 aree
903 2307 1014 2380 venit.

73 2409 78 2423 “
158 2405 301 2499 Effugit
324 2410 507 2504 hybernas
524 2409 679 2483 demissa
696 2422 851 2483 antenna
872 2407 1068 2504 procellas,

32 2535 35 2544 ·
167 2507 375 2605 ‘Lataque
395 2509 477 2604 ptus
495 2509 615 2605 parvis
632 2511 713 2584 veta
730 2507 872 2597 timoris
890 2507 1038 2580 habent.
1158 2534 1160 2538 ·

128 2663 133 2670 -
155 2608 320 2704 AspiciS,
337 2619 377 2680 ut
394 2610 536 2686 summai
554 2619 683 2682 cortex
702 2608 791 2709 levis
808 2607 946 2680 innatet
967 2604 1075 2690 undet,

205 2709 296 2787 Cum
317 2733 427 2798 grave
446 2731 539 2781 nexa
557 2709 664 2782 simut
683 2708 775 2782 retia
793 2717 932 2805 mergat
951 2729 1058 2797 onus,
1149 2731 1151 2738 ’

157 2807 237 2890 Qui
254 2809 351 2880 eadit
371 2809 408 2882 in
427 2809 549 2902 piano,
565 2807 643 2908 (vix
663 2810 732 2881 hoo
749 2814 870 2883 tameo
889 2805 1010 2879 evenit
1026 2804 1167 2906 ipsum)

204 2907 268 2981 Sic
286 2908 395 2994 cadit,
414 2918 453 2981 ut
471 2910 569 2986 tacti
587 2933 739 3009 surgere
757 2907 871 3005 possit
889 2906 1025 3018 humus
1088 2945 1096 2961 ·

204 3107 299 3181 Cum
323 3106 517 3204 Phiiippus
535 3108 755 3182 Mathonem
771 3107 903 3181 urbem
923 3081 1184 3202 oppugnaret,
1204 3109 1208 3112 “

153 3209 190 3282 in
209 3216 493 3304 praetereuntem
518 3211 649 3306 sagitta
670 3207 770 3305 jacta
796 3209 842 3280 de
861 3207 975 3280 muris
993 3209 1165 3307 dextrum

137 3315 139 3321 '
153 3308 234 3406 ejus
252 3309 402 3380 neutum
418 3307 559 3382 effodit.
612 3307 702 3388 Quo
717 3309 871 3381 vulnere
887 3331 955 3380 nec
967 3305 1115 3401 segnior
1129 3309 1164 3378 in

77 3455 81 3464 -
151 3408 303 3492 bellum,
322 3431 389 3480 nee
400 3407 615 3494 ,iracundior
627 3410 800 3482 adversus
818 3408 940 3480 hostes
955 3405 1074 3480 sactus
1089 3415 1166 3478 est:
