2644 4000
510 109 678 183 013

143 307 208 383 Sol
225 307 318 392 ruit,'
328 315 366 380 et
385 263 526 381 nomes
543 305 771 384 umbrantur.

141 407 214 482 Vir
226 408 346 481 bonus
362 416 400 480 et
417 405 578 502 prudens
595 403 668 478 diei
686 405 854 484 delecter
870 427 954 501 ego,

142 506 325 582 immensa
345 514 412 592 eet,
426 505 613 602 finemque
630 505 795 600 patentia
812 503 897 581 caeli
916 528 987 581 nou
1006 504 1126 582 hahet.
1237 515 1246 568 ’-
1309 587 1311 594 ,

142 609 333 702 Accipere
351 612 514 702 praestat,
532 609 646 702 quim
660 601 794 691 facere,
812 602 994 701 injuriam.
1084 650 1088 664 ·

41 699 42 711 ’
142 706 292 802 Rapere
310 715 425 802 atque
442 704 543 780 abira
562 727 708 801 semper
724 705 883 781 assuevit
906 702 1027 800 lupus.
1129 715 1151 785 5

142 805 268 902 Major
282 813 338 880 est
354 803 465 884 animi
482 803 652 902 voluptas
668 811 783 902 quem
801 801 978 922 corperis.

143 903 443 1075 Semperbhonoa,
473 927 682 1002 nomenque
708 911 827 992 tuum,
857 902 1060 1001 laudesque
1077 930 1153 982 ma·

183 1058 187 1062 -
242 1027 287 1078 ne
317 1009 393 1076 unt.
702 1018 704 1021 ’

33 1104 37 1126 “
142 1101 355 1198 Sapientem
372 1126 497 1198 neque
527 1110 735 1202 paupertas,
753 1125 876 1200 neque
899 1125 1009 1190 mors,
1026 1127 1149 1202 neque

238 1199 386 1275 vincula
411 1210 561 1276 terrent.
1108 1211 1153 1277 10
1262 1243 1263 1250 1

139 1299 237 1375 Tam
251 1325 322 1398 ego
340 1325 422 1374 sum
435 1299 545 1374 homo
562 1307 677 1398 quim
693 1309 761 1392 tu„

139 1401 242 1474 June
259 1397 339 1475 erat
355 1399 379 1471 J
382 1398 460 1472 ovis
477 1406 515 1474 et
528 1424 633 1473 soror
649 1409 688 1474 et
704 1399 853 1496 conjux.

10 1559 11 1574 2
138 1490 230 1574 Nox
243 1508 334 1586 erat,
351 1505 390 1572 et
406 1497 574 1596 fulgebat
590 1497 689 1574 luna.

139 1599 183 1673 In
201 1599 329 1694 praelio
347 1597 422 1672 cita
438 1621 536 1671 mors
552 1597 664 1686 venit,
682 1607 746 1672 aut
763 1596 917 1674 victoria
934 1597 1028 1706 leta.

140 1697 286 1771 Marius
303 1706 342 1775 at
360 1696 464 1792 Sylla
481 1696 589 1772 civile
607 1697 747 1783 bellum
765 1705 969 1795 gesserunt.
1106 1707 1151 1773 15

137 1795 249 1872 Lethi
264 1795 317 1871 vie
334 1793 469 1892 rapuit,
487 1795 695 1894 rapiatque,
721 1805 861 1894 gentes.

137 1894 227 1970 Non
244 1893 426 1992 formaene
443 1905 534 1981 erat,
549 1897 613 1970 aad
630 1903 709 1970 erat
722 1896 903 1971 facundus
921 1893 1090 1992 Ulyssee.

534 2177 537 2182 .
549 2109 704 2222 Deliae.

138 2289 228 2385 Age
241 2285 310 2360 tibi
327 2285 473 2386 gratias.

140 2385 215 2458 Dic
230 2384 478 2470 militaveram.

82 2488 83 2494 ’
137 2483 287 2558 Juranti
303 2483 373 2560 tibi
390 2508 463 2558 nen
481 2485 639 2559 credam.

139 2582 254 2656 Grata
271 2581 360 2659 mihi
377 2592 442 2658 tua
458 2582 615 2680 epistola
631 2583 713 2660 fuit.

138 2680 327 2758 Redditur
344 2691 453 2760 terrae
466 2707 624 2781 corpus.-

32 2831 34 2833 -
71 2785 73 2792 ’
139 2780 226 2855 Non
244 2784 362 2857 solum
379 2781 484 2857 nobis
500 2783 576 2857 nati
593 2805 729 2858 sumus.

138 2879 318 2958 Redeunt
326 2883 405 2978 jam
421 2882 584 2980 gramina
600 2881 751 2980 campie.

127 2979 297 3054 .Dattibi
314 2989 412 3064 terra
428 2982 534 3057 viam.
685 2989 692 3012 ⁴

139 3078 200 3154 Da
216 3078 306 3152 mihi
323 3081 456 3180 pignus
474 3081 619 3156 amoris.
731 3103 733 3109 ·
793 3087 813 3159 ’,

139 3179 258 3258 Arma
275 3177 365 3254 fecit
377 3179 570 3254 Vulcanus
589 3178 739 3254 Achilli.

139 3277 238 3354 Oves
255 3278 362 3354 nebia
379 3303 482 3358 suam
498 3282 618 3355 lanam
634 3278 811 3378 praebent.
997 3303 1000 3308 ·
