<?xml version="1.0" encoding="UTF-8"?>
<!DOCTYPE html PUBLIC "-//W3C//DTD XHTML 1.0 Transitional//EN"
    "http://www.w3.org/TR/xhtml1/DTD/xhtml1-transitional.dtd">
<html xmlns="http://www.w3.org/1999/xhtml" xml:lang="en" lang="en">
 <head>
  <title>
</title>
<meta http-equiv="Content-Type" content="text/html;charset=utf-8" />
  <meta name='ocr-system' content='tesseract 3.04.00' />
  <meta name='ocr-capabilities' content='ocr_page ocr_carea ocr_par ocr_line ocrx_word'/>
</head>
<body>
  <div class='ocr_page' id='page_1' title='image "./delectussentent03valpgoog_0058.png"; bbox 0 0 2644 4000; ppageno 0'>
   <div class='ocr_carea' id='block_1_1' title="bbox 527 165 713 266">
    <p class='ocr_par' dir='ltr' id='par_1_1' title="bbox 527 165 713 266">
     <span class='ocr_line' id='line_1_1' title="bbox 527 165 713 266; baseline 0 -29"><span class='ocrx_word' id='word_1_1' title='bbox 527 165 713 266; x_wconf 57' lang='lat' dir='ltr'>fao</span> 
     </span>
    </p>
   </div>
   <div class='ocr_carea' id='block_1_2' title="bbox 133 341 1136 701">
    <p class='ocr_par' dir='ltr' id='par_1_2' title="bbox 133 341 1136 638">
     <span class='ocr_line' id='line_1_2' title="bbox 798 341 1037 450; baseline -0.008 -13"><span class='ocrx_word' id='word_1_2' title='bbox 798 341 920 439; x_wconf 84' lang='lat' dir='ltr'>Exeat</span> <span class='ocrx_word' id='word_1_3' title='bbox 936 363 1037 450; x_wconf 81' lang='lat' dir='ltr'>aula,</span> 
     </span>
     <span class='ocr_line' id='line_1_3' title="bbox 172 459 1136 592; baseline 0.001 -57"><span class='ocrx_word' id='word_1_4' title='bbox 172 459 253 542; x_wconf 74' lang='lat' dir='ltr'>Qui</span> <span class='ocrx_word' id='word_1_5' title='bbox 270 463 375 545; x_wconf 79' lang='lat' dir='ltr'>volet</span> <span class='ocrx_word' id='word_1_6' title='bbox 390 489 472 538; x_wconf 87' lang='lat' dir='ltr'>esse</span> <span class='ocrx_word' id='word_1_7' title='bbox 492 461 598 560; x_wconf 86' lang='lat' dir='ltr'>pins:</span> <span class='ocrx_word' id='word_1_8' title='bbox 626 464 742 539; x_wconf 85' lang='lat' dir='ltr'>virtus</span> <span class='ocrx_word' id='word_1_9' title='bbox 760 475 798 538; x_wconf 91' lang='lat' dir='ltr'>et</span> <span class='ocrx_word' id='word_1_10' title='bbox 816 467 958 540; x_wconf 78' lang='lat' dir='ltr'>summa</span> <span class='ocrx_word' id='word_1_11' title='bbox 976 470 1136 592; x_wconf 87' lang='lat' dir='ltr'>potestas</span> 
     </span>
     <span class='ocr_line' id='line_1_4' title="bbox 133 561 504 701; baseline 0.011 -66"><span class='ocrx_word' id='word_1_12' title='bbox 133 607 139 612; x_wconf 88' lang='lat'><em>-</em></span> <span class='ocrx_word' id='word_1_13' title='bbox 169 561 256 701; x_wconf 89' lang='lat' dir='ltr'>Non</span> <span class='ocrx_word' id='word_1_14' title='bbox 275 576 430 696; x_wconf 84' lang='lat' dir='ltr'>coeunt.</span> <span class='ocrx_word' id='word_1_15' title='bbox 489 568 504 583; x_wconf 80' lang='lat'><strong><em>‘</em></strong></span> 
     </span>
    </p>
   </div>
   <div class='ocr_carea' id='block_1_3' title="bbox 28 693 1267 1070">
    <p class='ocr_par' dir='ltr' id='par_1_3' title="bbox 28 693 1267 1064">
     <span class='ocr_line' id='line_1_5' title="bbox 203 693 1267 863; baseline 0.005 -30.062"><span class='ocrx_word' id='word_1_16' title='bbox 203 693 329 836; x_wconf 88' lang='lat' dir='ltr'>Pater</span> <span class='ocrx_word' id='word_1_17' title='bbox 356 761 496 837; x_wconf 86' lang='lat' dir='ltr'>nullum</span> <span class='ocrx_word' id='word_1_18' title='bbox 523 765 661 836; x_wconf 86' lang='lat' dir='ltr'>clarius</span> <span class='ocrx_word' id='word_1_19' title='bbox 685 772 806 858; x_wconf 90' lang='lat' dir='ltr'>potest</span> <span class='ocrx_word' id='word_1_20' title='bbox 823 765 1047 863; x_wconf 76' lang='lat' dir='ltr'>relinquere</span> <span class='ocrx_word' id='word_1_21' title='bbox 1055 787 1187 838; x_wconf 88' lang='grc' dir='ltr'><strong>ιιιοιιιι-</strong></span> <span class='ocrx_word' id='word_1_22' title='bbox 1252 771 1267 849; x_wconf 71' lang='lat' dir='ltr'>J</span> 
     </span>
     <span class='ocr_line' id='line_1_6' title="bbox 28 864 1263 981; baseline 0.006 -48"><span class='ocrx_word' id='word_1_23' title='bbox 28 934 31 942; x_wconf 73' lang='grc'>,</span> <span class='ocrx_word' id='word_1_24' title='bbox 78 907 81 916; x_wconf 86' lang='lat'><strong>·</strong></span> <span class='ocrx_word' id='word_1_25' title='bbox 169 872 335 961; x_wconf 82' lang='lat' dir='ltr'>menturp</span> <span class='ocrx_word' id='word_1_26' title='bbox 362 864 430 948; x_wconf 89' lang='lat' dir='ltr'>sui,</span> <span class='ocrx_word' id='word_1_27' title='bbox 458 870 572 980; x_wconf 73' lang='lat' dir='ltr'>quam</span> <span class='ocrx_word' id='word_1_28' title='bbox 599 865 637 936; x_wconf 90' lang='lat' dir='ltr'>si</span> <span class='ocrx_word' id='word_1_29' title='bbox 657 864 773 938; x_wconf 86' lang='lat' dir='ltr'>filium</span> <span class='ocrx_word' id='word_1_30' title='bbox 786 866 992 981; x_wconf 77' lang='lat' dir='ltr'>relinquat</span> <span class='ocrx_word' id='word_1_31' title='bbox 1019 864 1215 980; x_wconf 68' lang='lat' dir='ltr'>effigiem,</span> <span class='ocrx_word' id='word_1_32' title='bbox 1261 892 1263 900; x_wconf 73' lang='grc'><em>’</em></span> 
     </span>
     <span class='ocr_line' id='line_1_7' title="bbox 49 962 1087 1070; baseline 0.001 -35"><span class='ocrx_word' id='word_1_33' title='bbox 49 993 54 1000; x_wconf 55' lang='grc'><strong>“</strong></span> <span class='ocrx_word' id='word_1_34' title='bbox 167 984 323 1046; x_wconf 86' lang='lat' dir='ltr'>morum,</span> <span class='ocrx_word' id='word_1_35' title='bbox 343 962 499 1049; x_wconf 86' lang='lat' dir='ltr'>virtutis,</span> <span class='ocrx_word' id='word_1_36' title='bbox 518 963 743 1070; x_wconf 75' lang='lat' dir='ltr'>constantiae,</span> <span class='ocrx_word' id='word_1_37' title='bbox 760 964 917 1060; x_wconf 86' lang='lat' dir='ltr'>pietatis,</span> <span class='ocrx_word' id='word_1_38' title='bbox 935 964 1087 1064; x_wconf 85' lang='lat' dir='ltr'>ingenii.</span> 
     </span>
    </p>
   </div>
   <div class='ocr_carea' id='block_1_4' title="bbox 170 1125 1103 1395">
    <p class='ocr_par' dir='ltr' id='par_1_4' title="bbox 170 1125 1103 1337">
     <span class='ocr_line' id='line_1_8' title="bbox 170 1125 1076 1254; baseline 0 -20"><span class='ocrx_word' id='word_1_39' title='bbox 170 1160 345 1254; x_wconf 82' lang='lat' dir='ltr'>Gaudet</span> <span class='ocrx_word' id='word_1_40' title='bbox 335 1187 371 1234; x_wconf 89' lang='grc' dir='ltr'>ιιι</span> <span class='ocrx_word' id='word_1_41' title='bbox 389 1146 529 1234; x_wconf 83' lang='lat' dir='ltr'>effossis</span> <span class='ocrx_word' id='word_1_42' title='bbox 547 1161 710 1236; x_wconf 87' lang='lat' dir='ltr'>habitare</span> <span class='ocrx_word' id='word_1_43' title='bbox 729 1125 925 1236; x_wconf 79' lang='lat' dir='ltr'>cunidulus</span> <span class='ocrx_word' id='word_1_44' title='bbox 943 1162 1076 1236; x_wconf 81' lang='lat' dir='ltr'>antris:</span> 
     </span>
     <span class='ocr_line' id='line_1_9' title="bbox 219 1256 1103 1395; baseline 0.001 -60"><span class='ocrx_word' id='word_1_45' title='bbox 219 1261 442 1336; x_wconf 79' lang='lat' dir='ltr'>Monstravit</span> <span class='ocrx_word' id='word_1_46' title='bbox 459 1263 587 1334; x_wconf 68' lang='lat' dir='ltr'>tacitas</span> <span class='ocrx_word' id='word_1_47' title='bbox 606 1262 771 1395; x_wconf 85' lang='lat' dir='ltr'>hostibus</span> <span class='ocrx_word' id='word_1_48' title='bbox 789 1263 852 1336; x_wconf 90' lang='lat' dir='ltr'>ille</span> <span class='ocrx_word' id='word_1_49' title='bbox 871 1263 968 1365; x_wconf 52' lang='lat' dir='ltr'>vias,</span> <span class='ocrx_word' id='word_1_50' title='bbox 1097 1256 1103 1277; x_wconf 66' lang='grc'><strong>“</strong></span> 
     </span>
    </p>
   </div>
   <div class='ocr_carea' id='block_1_5' title="bbox 168 1428 1187 1658">
    <p class='ocr_par' dir='ltr' id='par_1_5' title="bbox 168 1428 1187 1658">
     <span class='ocr_line' id='line_1_10' title="bbox 217 1428 1187 1561; baseline 0.009 -30"><span class='ocrx_word' id='word_1_51' title='bbox 217 1458 305 1532; x_wconf 87' lang='lat' dir='ltr'>Rex</span> <span class='ocrx_word' id='word_1_52' title='bbox 321 1428 516 1554; x_wconf 87' lang='lat' dir='ltr'>Lydorum</span> <span class='ocrx_word' id='word_1_53' title='bbox 535 1461 680 1542; x_wconf 84' lang='lat' dir='ltr'>Croesns</span> <span class='ocrx_word' id='word_1_54' title='bbox 697 1470 787 1548; x_wconf 87' lang='lat' dir='ltr'>erat,</span> <span class='ocrx_word' id='word_1_55' title='bbox 805 1463 912 1560; x_wconf 86' lang='lat' dir='ltr'>cujus</span> <span class='ocrx_word' id='word_1_56' title='bbox 930 1488 1022 1561; x_wconf 88' lang='lat' dir='ltr'>opes</span> <span class='ocrx_word' id='word_1_57' title='bbox 1040 1473 1078 1540; x_wconf 87' lang='lat' dir='ltr'>et</span> <span class='ocrx_word' id='word_1_58' title='bbox 1086 1459 1187 1542; x_wconf 83' lang='grc' dir='ltr'><strong>ιΙΙιΙ-</strong></span> 
     </span>
     <span class='ocr_line' id='line_1_11' title="bbox 168 1558 691 1658; baseline 0.004 -26"><span class='ocrx_word' id='word_1_59' title='bbox 168 1559 257 1632; x_wconf 86' lang='lat' dir='ltr'>tiae</span> <span class='ocrx_word' id='word_1_60' title='bbox 248 1558 408 1658; x_wconf 74' lang='lat' dir='ltr'>insignes</span> <span class='ocrx_word' id='word_1_61' title='bbox 425 1570 539 1634; x_wconf 87' lang='lat' dir='ltr'>erant.</span> <span class='ocrx_word' id='word_1_62' title='bbox 688 1581 691 1588; x_wconf 78' lang='grc'><em>’</em></span> 
     </span>
    </p>
   </div>
   <div class='ocr_carea' id='block_1_6' title="bbox 418 1759 1066 1865">
    <p class='ocr_par' dir='ltr' id='par_1_6' title="bbox 418 1759 1066 1865">
     <span class='ocr_line' id='line_1_12' title="bbox 418 1759 1066 1865; baseline 0.009 -33"><span class='ocrx_word' id='word_1_63' title='bbox 418 1759 529 1846; x_wconf 86' lang='lat' dir='ltr'>Cinis,</span> <span class='ocrx_word' id='word_1_64' title='bbox 547 1771 598 1848; x_wconf 91' lang='lat' dir='ltr'>et</span> <span class='ocrx_word' id='word_1_65' title='bbox 596 1786 737 1847; x_wconf 87' lang='lat' dir='ltr'>manes,</span> <span class='ocrx_word' id='word_1_66' title='bbox 755 1770 793 1836; x_wconf 91' lang='lat' dir='ltr'>et</span> <span class='ocrx_word' id='word_1_67' title='bbox 812 1761 939 1837; x_wconf 85' lang='lat' dir='ltr'>sabula</span> <span class='ocrx_word' id='word_1_68' title='bbox 956 1766 1033 1865; x_wconf 75' lang='lat' dir='ltr'>lips.</span> <span class='ocrx_word' id='word_1_69' title='bbox 1048 1778 1066 1821; x_wconf 53' lang='lat' dir='ltr'>s</span> 
     </span>
    </p>
   </div>
   <div class='ocr_carea' id='block_1_7' title="bbox 6 1858 956 1959">
    <p class='ocr_par' dir='ltr' id='par_1_7' title="bbox 6 1858 956 1959">
     <span class='ocr_line' id='line_1_13' title="bbox 6 1858 956 1959; baseline 0.001 -26"><span class='ocrx_word' id='word_1_70' title='bbox 6 1889 9 1900; x_wconf 65' lang='grc'><em>’</em></span> <span class='ocrx_word' id='word_1_71' title='bbox 66 1894 68 1909; x_wconf 54' lang='grc' dir='ltr'>ι</span> <span class='ocrx_word' id='word_1_72' title='bbox 169 1859 268 1936; x_wconf 76' lang='lat' dir='ltr'>Vive</span> <span class='ocrx_word' id='word_1_73' title='bbox 286 1885 428 1938; x_wconf 86' lang='lat' dir='ltr'>memor</span> <span class='ocrx_word' id='word_1_74' title='bbox 445 1861 557 1934; x_wconf 87' lang='lat' dir='ltr'>letlu</span> <span class='ocrx_word' id='word_1_75' title='bbox 585 1858 682 1959; x_wconf 82' lang='lat' dir='ltr'>fugit</span> <span class='ocrx_word' id='word_1_76' title='bbox 667 1861 800 1934; x_wconf 86' lang='lat' dir='ltr'>thora.</span> <span class='ocrx_word' id='word_1_77' title='bbox 892 1936 896 1956; x_wconf 35' lang='lat'><em>⁴</em></span> <span class='ocrx_word' id='word_1_78' title='bbox 952 1937 956 1946; x_wconf 74' lang='grc'><em>,</em></span> 
     </span>
    </p>
   </div>
   <div class='ocr_carea' id='block_1_8' title="bbox 218 2026 1184 2162">
    <p class='ocr_par' dir='ltr' id='par_1_8' title="bbox 218 2026 1184 2162">
     <span class='ocr_line' id='line_1_14' title="bbox 218 2026 1184 2162; baseline 0.004 -24"><span class='ocrx_word' id='word_1_79' title='bbox 218 2062 452 2138; x_wconf 80' lang='lat' dir='ltr'>Plurimum</span> <span class='ocrx_word' id='word_1_80' title='bbox 444 2089 478 2136; x_wconf 90' lang='grc' dir='ltr'>ιιι</span> <span class='ocrx_word' id='word_1_81' title='bbox 498 2063 680 2160; x_wconf 85' lang='lat' dir='ltr'>reliquam</span> <span class='ocrx_word' id='word_1_82' title='bbox 707 2063 820 2139; x_wconf 85' lang='lat' dir='ltr'>vitam</span> <span class='ocrx_word' id='word_1_83' title='bbox 838 2026 1018 2162; x_wconf 87' lang='lat' dir='ltr'>proderit,</span> <span class='ocrx_word' id='word_1_84' title='bbox 1046 2091 1184 2162; x_wconf 85' lang='lat' dir='ltr'>pueros</span> 
     </span>
    </p>
   </div>
   <div class='ocr_carea' id='block_1_9' title="bbox 53 2161 1316 2383">
    <p class='ocr_par' dir='ltr' id='par_1_9' title="bbox 53 2161 1316 2359">
     <span class='ocr_line' id='line_1_15' title="bbox 53 2161 1316 2262; baseline 0.001 -23"><span class='ocrx_word' id='word_1_85' title='bbox 53 2181 57 2187; x_wconf 82' lang='grc'><strong>“</strong></span> <span class='ocrx_word' id='word_1_86' title='bbox 167 2165 248 2239; x_wconf 87' lang='lat' dir='ltr'>sta</span> <span class='ocrx_word' id='word_1_87' title='bbox 239 2190 288 2239; x_wconf 89' lang='grc' dir='ltr'><strong>ιιιι</strong></span> <span class='ocrx_word' id='word_1_88' title='bbox 302 2162 663 2236; x_wconf 78' lang='lat' dir='ltr'>salubriterrnstrtur</span> <span class='ocrx_word' id='word_1_89' title='bbox 715 2161 843 2238; x_wconf 79' lang='lat' dir='ltr'>Facile</span> <span class='ocrx_word' id='word_1_90' title='bbox 856 2173 919 2239; x_wconf 88' lang='lat' dir='ltr'>est</span> <span class='ocrx_word' id='word_1_91' title='bbox 924 2190 1022 2239; x_wconf 89' lang='lat' dir='ltr'>eorm</span> <span class='ocrx_word' id='word_1_92' title='bbox 1035 2173 1183 2240; x_wconf 86' lang='lat' dir='ltr'>teneros</span> <span class='ocrx_word' id='word_1_93' title='bbox 1313 2255 1316 2262; x_wconf 24' lang='grc' dir='ltr'>Ι</span> 
     </span>
     <span class='ocr_line' id='line_1_16' title="bbox 167 2262 1233 2383; baseline 0.001 -45"><span class='ocrx_word' id='word_1_94' title='bbox 167 2267 287 2338; x_wconf 88' lang='lat' dir='ltr'>adhue</span> <span class='ocrx_word' id='word_1_95' title='bbox 321 2262 461 2336; x_wconf 82' lang='lat' dir='ltr'>animos</span> <span class='ocrx_word' id='word_1_96' title='bbox 494 2287 744 2383; x_wconf 73' lang='lat' dir='ltr'>componere;</span> <span class='ocrx_word' id='word_1_97' title='bbox 777 2264 929 2338; x_wconf 70' lang='lat' dir='ltr'>difficile</span> <span class='ocrx_word' id='word_1_98' title='bbox 964 2264 1182 2339; x_wconf 88' lang='lat' dir='ltr'>reciduntur</span> <span class='ocrx_word' id='word_1_99' title='bbox 1231 2279 1233 2284; x_wconf 87' lang='grc'><strong>’</strong></span> 
     </span>
    </p>
   </div>
   <div class='ocr_carea' id='block_1_10' title="bbox 110 2362 1274 2468">
    <p class='ocr_par' dir='ltr' id='par_1_10' title="bbox 110 2362 1274 2468">
     <span class='ocr_line' id='line_1_17' title="bbox 110 2362 1274 2468; baseline 0.001 -31"><span class='ocrx_word' id='word_1_100' title='bbox 110 2456 118 2468; x_wconf 29' lang='lat'><strong>⁴</strong></span> <span class='ocrx_word' id='word_1_101' title='bbox 168 2372 368 2463; x_wconf 74' lang='lat' dir='ltr'>precepta,</span> <span class='ocrx_word' id='word_1_102' title='bbox 387 2386 474 2460; x_wconf 87' lang='lat' dir='ltr'>quae</span> <span class='ocrx_word' id='word_1_103' title='bbox 494 2387 624 2460; x_wconf 86' lang='lat' dir='ltr'>pumrs</span> <span class='ocrx_word' id='word_1_104' title='bbox 644 2362 906 2460; x_wconf 76' lang='lat' dir='ltr'>imprimuntur</span> <span class='ocrx_word' id='word_1_105' title='bbox 924 2363 1117 2437; x_wconf 79' lang='lat' dir='ltr'>aetatibus</span> <span class='ocrx_word' id='word_1_106' title='bbox 1144 2374 1183 2438; x_wconf 88' lang='lat' dir='ltr'>et</span> <span class='ocrx_word' id='word_1_107' title='bbox 1220 2387 1221 2394; x_wconf 53' lang='lat'>¹</span> <span class='ocrx_word' id='word_1_108' title='bbox 1270 2405 1274 2409; x_wconf 59' lang='lat'>&gt;</span> 
     </span>
    </p>
   </div>
   <div class='ocr_carea' id='block_1_11' title="bbox 169 2461 1298 2560">
    <p class='ocr_par' dir='ltr' id='par_1_11' title="bbox 169 2461 1298 2560">
     <span class='ocr_line' id='line_1_18' title="bbox 169 2461 1298 2560; baseline 0 -22"><span class='ocrx_word' id='word_1_109' title='bbox 169 2465 299 2538; x_wconf 81' lang='lat' dir='ltr'>natura</span> <span class='ocrx_word' id='word_1_110' title='bbox 313 2461 535 2536; x_wconf 84' lang='lat' dir='ltr'>tenacissimi</span> <span class='ocrx_word' id='word_1_111' title='bbox 549 2487 674 2552; x_wconf 89' lang='lat' dir='ltr'>somus</span> <span class='ocrx_word' id='word_1_112' title='bbox 685 2489 826 2546; x_wconf 86' lang='lat' dir='ltr'>eorum,</span> <span class='ocrx_word' id='word_1_113' title='bbox 838 2487 925 2560; x_wconf 90' lang='lat' dir='ltr'>quae</span> <span class='ocrx_word' id='word_1_114' title='bbox 939 2465 1048 2560; x_wconf 90' lang='lat' dir='ltr'>pueri</span> <span class='ocrx_word' id='word_1_115' title='bbox 1054 2488 1187 2560; x_wconf 85' lang='lat' dir='ltr'>perce·</span> <span class='ocrx_word' id='word_1_116' title='bbox 1200 2516 1216 2533; x_wconf 79' lang='lat'>.·</span> <span class='ocrx_word' id='word_1_117' title='bbox 1295 2507 1298 2512; x_wconf 89' lang='lat'><strong>·</strong></span> 
     </span>
    </p>
   </div>
   <div class='ocr_carea' id='block_1_12' title="bbox 161 2562 1258 2662">
    <p class='ocr_par' dir='ltr' id='par_1_12' title="bbox 161 2562 1258 2662">
     <span class='ocr_line' id='line_1_19' title="bbox 161 2562 1258 2662; baseline -0.004 -23"><span class='ocrx_word' id='word_1_118' title='bbox 161 2565 312 2662; x_wconf 83' lang='lat' dir='ltr'>pimus:</span> <span class='ocrx_word' id='word_1_119' title='bbox 334 2571 372 2635; x_wconf 89' lang='lat' dir='ltr'>nt</span> <span class='ocrx_word' id='word_1_120' title='bbox 387 2586 505 2658; x_wconf 90' lang='lat' dir='ltr'>sapor,</span> <span class='ocrx_word' id='word_1_121' title='bbox 520 2587 598 2659; x_wconf 92' lang='lat' dir='ltr'>quo</span> <span class='ocrx_word' id='word_1_122' title='bbox 613 2587 707 2636; x_wconf 85' lang='lat' dir='ltr'>nova</span> <span class='ocrx_word' id='word_1_123' title='bbox 721 2587 804 2636; x_wconf 84' lang='lat' dir='ltr'>vasa</span> <span class='ocrx_word' id='word_1_124' title='bbox 818 2562 1048 2654; x_wconf 87' lang='lat' dir='ltr'>imbuuntur,</span> <span class='ocrx_word' id='word_1_125' title='bbox 1065 2564 1185 2637; x_wconf 88' lang='lat' dir='ltr'>durat.</span> <span class='ocrx_word' id='word_1_126' title='bbox 1228 2598 1258 2660; x_wconf 52' lang='grc' dir='ltr'>ι</span> 
     </span>
    </p>
   </div>
   <div class='ocr_carea' id='block_1_13' title="bbox 170 2761 1269 2948">
    <p class='ocr_par' dir='ltr' id='par_1_13' title="bbox 170 2761 1269 2948">
     <span class='ocr_line' id='line_1_20' title="bbox 170 2761 1269 2862; baseline -0.001 -24"><span class='ocrx_word' id='word_1_127' title='bbox 170 2763 385 2856; x_wconf 72' lang='lat' dir='ltr'>Quisnam</span> <span class='ocrx_word' id='word_1_128' title='bbox 376 2763 443 2862; x_wconf 77' lang='lat' dir='ltr'>rgit</span> <span class='ocrx_word' id='word_1_129' title='bbox 444 2787 489 2836; x_wconf 90' lang='lat' dir='ltr'>ur</span> <span class='ocrx_word' id='word_1_130' title='bbox 429 2761 625 2837; x_wconf 77' lang='lat' dir='ltr'>iliberi</span> <span class='ocrx_word' id='word_1_131' title='bbox 654 2761 820 2860; x_wconf 83' lang='lat' dir='ltr'>Sapiens,</span> <span class='ocrx_word' id='word_1_132' title='bbox 839 2761 908 2837; x_wconf 88' lang='lat' dir='ltr'>sibi</span> <span class='ocrx_word' id='word_1_133' title='bbox 926 2762 995 2859; x_wconf 93' lang='lat' dir='ltr'>qui</span> <span class='ocrx_word' id='word_1_134' title='bbox 1012 2762 1187 2859; x_wconf 88' lang='lat' dir='ltr'>imperio·</span> <span class='ocrx_word' id='word_1_135' title='bbox 1266 2791 1269 2796; x_wconf 92' lang='lat'>·</span> 
     </span>
     <span class='ocr_line' id='line_1_21' title="bbox 270 2890 356 2948; baseline -0.012 -10"><span class='ocrx_word' id='word_1_136' title='bbox 270 2890 355 2938; x_wconf 88' lang='lat' dir='ltr'>sus·</span> <span class='ocrx_word' id='word_1_137' title='bbox 346 2918 356 2948; x_wconf 94' lang='lat'>,</span> 
     </span>
    </p>
   </div>
   <div class='ocr_carea' id='block_1_14' title="bbox 60 2946 1185 3065">
    <p class='ocr_par' dir='ltr' id='par_1_14' title="bbox 60 2946 1185 3065">
     <span class='ocr_line' id='line_1_22' title="bbox 60 2946 1185 3065; baseline -0.005 -24"><span class='ocrx_word' id='word_1_138' title='bbox 60 3059 63 3065; x_wconf 14' lang='grc' dir='ltr'>ἱ</span> <span class='ocrx_word' id='word_1_139' title='bbox 170 2966 296 3048; x_wconf 73' lang='lat' dir='ltr'>Quem</span> <span class='ocrx_word' id='word_1_140' title='bbox 316 2987 438 3060; x_wconf 90' lang='lat' dir='ltr'>neque</span> <span class='ocrx_word' id='word_1_141' title='bbox 458 2957 667 3062; x_wconf 85' lang='lat' dir='ltr'>pauperies,</span> <span class='ocrx_word' id='word_1_142' title='bbox 683 2987 806 3061; x_wconf 89' lang='lat' dir='ltr'>oeque</span> <span class='ocrx_word' id='word_1_143' title='bbox 825 2971 935 3050; x_wconf 86' lang='lat' dir='ltr'>mors,</span> <span class='ocrx_word' id='word_1_144' title='bbox 950 2946 1019 3037; x_wconf 81' lang='lat' dir='ltr'>dee</span> <span class='ocrx_word' id='word_1_145' title='bbox 1037 2961 1185 3036; x_wconf 86' lang='lat' dir='ltr'>vincula</span> 
     </span>
    </p>
   </div>
   <div class='ocr_carea' id='block_1_15' title="bbox 269 3073 420 3138">
    <p class='ocr_par' dir='ltr' id='par_1_15' title="bbox 269 3073 420 3138">
     <span class='ocr_line' id='line_1_23' title="bbox 269 3073 420 3138; baseline -0.029 0"><span class='ocrx_word' id='word_1_146' title='bbox 269 3073 420 3138; x_wconf 49' lang='lat' dir='ltr'>terrment</span> 
     </span>
    </p>
   </div>
   <div class='ocr_carea' id='block_1_16' title="bbox 146 3229 1185 3562">
    <p class='ocr_par' dir='ltr' id='par_1_16' title="bbox 146 3229 1185 3562">
     <span class='ocr_line' id='line_1_24' title="bbox 146 3229 1185 3379; baseline -0.004 -41"><span class='ocrx_word' id='word_1_147' title='bbox 146 3313 149 3319; x_wconf 40' lang='grc' dir='ltr'><strong>ι</strong></span> <span class='ocrx_word' id='word_1_148' title='bbox 222 3267 392 3359; x_wconf 85' lang='lat' dir='ltr'>Accepto</span> <span class='ocrx_word' id='word_1_149' title='bbox 406 3229 678 3338; x_wconf 81' lang='lat' dir='ltr'>Macedonum</span> <span class='ocrx_word' id='word_1_150' title='bbox 669 3263 838 3379; x_wconf 79' lang='lat' dir='ltr'>imperio,</span> <span class='ocrx_word' id='word_1_151' title='bbox 854 3265 1067 3338; x_wconf 80' lang='lat' dir='ltr'>Alexander</span> <span class='ocrx_word' id='word_1_152' title='bbox 1079 3261 1185 3354; x_wconf 70' lang='lat' dir='ltr'>Mag·</span> 
     </span>
     <span class='ocr_line' id='line_1_25' title="bbox 169 3361 1184 3481; baseline -0.008 -39"><span class='ocrx_word' id='word_1_153' title='bbox 169 3392 241 3454; x_wconf 88' lang='lat' dir='ltr'>nus</span> <span class='ocrx_word' id='word_1_154' title='bbox 256 3363 401 3481; x_wconf 73' lang='lat' dir='ltr'>Regem</span> <span class='ocrx_word' id='word_1_155' title='bbox 421 3388 458 3438; x_wconf 90' lang='lat' dir='ltr'>se</span> <span class='ocrx_word' id='word_1_156' title='bbox 476 3374 658 3438; x_wconf 86' lang='lat' dir='ltr'>terrarum</span> <span class='ocrx_word' id='word_1_157' title='bbox 677 3363 841 3438; x_wconf 89' lang='lat' dir='ltr'>omnium</span> <span class='ocrx_word' id='word_1_158' title='bbox 856 3388 900 3438; x_wconf 86' lang='lat' dir='ltr'>ac</span> <span class='ocrx_word' id='word_1_159' title='bbox 914 3363 1041 3472; x_wconf 83' lang='lat' dir='ltr'>mundi</span> <span class='ocrx_word' id='word_1_160' title='bbox 1059 3361 1184 3460; x_wconf 90' lang='lat' dir='ltr'>appel·</span> 
     </span>
     <span class='ocr_line' id='line_1_26' title="bbox 170 3464 372 3562; baseline -0.026 -22"><span class='ocrx_word' id='word_1_161' title='bbox 170 3466 236 3557; x_wconf 84' lang='lat' dir='ltr'>lari</span> <span class='ocrx_word' id='word_1_162' title='bbox 234 3464 372 3562; x_wconf 89' lang='lat' dir='ltr'>jussit.</span> 
     </span>
    </p>
   </div>
   <div class='ocr_carea' id='block_1_17' title="bbox 0 0 1327 4000">
    <p class='ocr_par' dir='ltr' id='par_1_17' title="bbox 0 0 1327 4000">
     <span class='ocr_line' id='line_1_27' title="bbox 0 0 1327 4000; baseline 0 0"><span class='ocrx_word' id='word_1_163' title='bbox 0 0 1327 4000; x_wconf 95' lang='lat' dir='ltr'> </span> 
     </span>
    </p>
   </div>
  </div>
 </body>
</html>
