2644 4000
596 165 657 270 ⁵⁷,

4 295 22 376 ν’
109 359 238 436 un
254 313 458 445 bonusest,
474 358 543 456 qui
568 360 733 456 podest,
760 335 899 456 quibus
915 361 1050 452 potest,
1065 375 1131 432 no·

124 471 183 596 cet
200 469 326 536 autem
343 459 502 570 nemini.
608 482 613 491 ·

388 627 666 734 utendorum
691 659 895 757 tegmen

2 844 31 935 ’Ἃ
122 858 215 934 Esse
232 859 336 933 vides
354 857 515 957 lignum:
543 883 666 936 serves
680 882 748 932 nin
775 855 925 941 lumine,
952 853 1017 932 fiet

168 959 230 1032 De
244 959 466 1035 candelabro
481 984 614 1059 magna
627 960 780 1034 lucerne
796 955 875 1030 tibi.

52 1157 57 1168 ’
166 1153 312 1232 Urbem
326 1157 474 1231 eusdem
493 1137 711 1233 Alexander
729 1154 900 1228 donabat.
953 1152 1049 1230 cum
1066 1151 1142 1241 ille,

116 1279 179 1330 oui
168 1255 414 1346 donabatur,
432 1267 574 1334 tantum
592 1281 726 1333 munus
752 1261 954 1339 recusaret,
980 1253 1139 1328 diceret·
1234 1262 1240 1276 '

38 1389 40 1394 ’
115 1381 193 1454 que
224 1381 297 1432 non
330 1358 528 1432 convenire
563 1358 721 1434 fiutunae
755 1379 852 1430 suae:
880 1349 967 1428 Non
999 1332 1142 1452 quoire,
1250 1433 1253 1440 ,

1 1509 2 1514 ,
117 1455 251 1555 inquit,
269 1456 362 1556 quid
380 1464 417 1532 te
435 1458 607 1556 accipere
625 1460 769 1542 deceat,
782 1456 846 1529 sed
864 1454 957 1552 quid
972 1453 1141 1530 medere
1164 1561 1170 1568 .,

117 1651 226 1752 Saepe
243 1655 380 1734 Jovem
396 1645 486 1742 vidi,
503 1655 616 1732 eum
600 1679 705 1754 Jam
696 1677 762 1726 suta
779 1651 929 1737 mittere
943 1650 1058 1726 vellet

169 1753 369 1841 Fulmine3
395 1755 503 1832 thure
518 1757 616 1842 dato,
637 1753 850 1828 sustinuisse
869 1773 1028 1826 manum.

154 1951 286 2027 Annm
299 1951 463 2047 tmpsob1
476 1977 623 2052 semper
636 1950 850 2024 cremantur
863 1972 984 2046 poenae
995 1951 1141 2038 umore

52 2091 55 2098 ·
122 2054 202 2150 qua
221 2062 285 2125 aut
310 2051 537 2139 afficiuntur,
563 2048 1143 2149 autsempersunt1nmetu,ne
1245 2088 1251 2094 ·

118 2152 321 2250 aliquando
338 2151 557 2230 afficiantur

405 2351 406 2361 ’
456 2349 563 2424 Mors
581 2352 659 2425 sole
675 2348 813 2424 fatetur
850 2367 853 2372 ·
949 2386 955 2396 ·

3 2440 8 2467 ²
122 2435 319 2526 Quantula*
333 2448 404 2521 sint
421 2446 610 2525 hominum
629 2450 916 2554 corpuscula.

155 2644 236 2718 Ab
255 2646 451 2747 Antigono
470 2648 635 2745 Cynicus
652 2647 805 2747 quidam
823 2648 933 2745 petiit
950 2651 1141 2731 talentum

121 2745 344 2843 Respondit,
351 2707 447 2843 plus
465 2775 557 2836 esse,
574 2755 691 2847 quem
710 2750 814 2846 quod
832 2749 997 2842 Cynicus
1015 2760 1144 2847 petere

118 2845 285 2926 deberet.
339 2849 543 2945 Repulsus,
560 2849 881 2945 petiitdenarium
934 2849 1146 2947 Respondit
1215 2873 1218 2882 ·

1 2981 2 2992 ¹
122 2969 200 3032 rex,
219 2948 338 3024 minus
355 2975 447 3037 esse,
466 2955 580 3049 quim
599 2951 703 3047 quod
724 2974 850 3047 regem
867 2952 1019 3032 deceret
1045 2953 1145 3026 dare

1 3322 16 3482 t

30 3053 32 3058 '
123 3044 216 3120 Sic
205 3049 346 3123 nvenit
372 3052 588 3150 Antigonus
607 3051 799 3188 quotuodo
817 3059 990 3163 neutrum
1008 3053 1122 3128 daret.

555 3249 706 3327 utstotn.

122 3442 227 3525 Quid
245 3471 304 3522 me
323 3456 555 3544 compactam
573 3449 680 3536 ceris,
697 3459 737 3525 et
753 3451 944 3538 arundine,
957 3447 1082 3526 rides?

175 3543 275 3654 Quae
293 3547 454 3650 primum
472 3559 645 3625 extructo
662 3560 719 3627 est
732 3552 868 3642 fistula,
885 3551 968 3627 tntis
982 3559 1074 3626 erat.
