2644 4000
687 177 732 252 12

218 375 344 450 Finire
362 385 546 451 memento
564 373 757 452 tristitiam·
852 418 855 424 ·

217 475 321 550 Nihil
334 475 490 572 amplius
508 474 669 550 scribere
685 493 842 573 possum.
925 491 931 506 '

217 569 301 672 Ego
319 575 432 670 cupio
449 577 494 647 ad
511 584 548 650 te
566 577 702 650 venire.

216 673 429 772 Intelligere
448 699 518 747 non
536 698 697 771 possum.

214 773 384 847 Cessator
400 798 478 848 esse
497 774 583 847 noli.

214 870 319 945 Mori
337 897 395 947 me
413 871 575 971 denique
593 897 716 970 coges.

213 970 351 1045 Amitti
367 970 482 1045 virtus
500 996 571 1072 non
589 980 722 1068 potest.

214 1069 386 1146 Poteram
403 1081 467 1144 tua
484 1072 566 1145 vela
591 1069 729 1146 videre.

213 1168 662 1266 Nossperamusamari.'
717 1243 718 1253 ,

213 1259 533 1344 Heraconsistere
557 1293 629 1342 non
646 1277 780 1364 potent.
842 1269 844 1272 ’
894 1349 899 1359 ⁴

214 1366 281 1443 Me
299 1369 459 1443 scribere
472 1368 580 1466 jussit
596 1393 711 1443 amor.

159 1505 161 1514 ι
211 1463 405 1564 Philippus
422 1469 569 1543 volebat
586 1468 710 1542 amari.

210 1566 427 1641 Alexander
443 1566 559 1642 metui
575 1561 734 1642 volebat.

211 1664 297 1764 Ego
315 1666 528 1763 plusquam
545 1663 619 1739 feci
637 1665 760 1740 facere
778 1689 850 1740 non
869 1689 1029 1763 possum.

210 1762 359 1840 Tecum
376 1763 501 1839 virere
519 1787 613 1838 amo.
849 1806 853 1811 ·
1177 1780 1222 1845 15

210 1859 392 1939 Naturam
409 1873 553 1960 mutare
579 1862 739 1960 pecunia
756 1863 884 1938 nescit.
986 1899 990 1905 ¹
1162 1887 1169 1900 ·

210 1961 353 2050 Exibis,
370 1961 503 2039 deinde
521 1961 642 2039 redire
661 1961 774 2038 voles.
1185 2047 1187 2053 ,

210 2061 288 2137 Hic
304 2080 451 2138 mecum
468 2061 608 2160 peteris
624 2061 874 2160 requiescere.
934 2135 936 2144 ,
1161 2124 1164 2130 .

211 2160 313 2237 Bene
327 2161 425 2237 ferre
442 2161 543 2238 disce
560 2183 728 2264 magnam
741 2156 938 2239 fortunam.

208 2259 418 2360 Angustam
437 2260 654 2360 pauperiem
671 2262 999 2362 patipuerdiscat.
1171 2271 1243 2343 201
1276 2334 1278 2342 ,
1319 2319 1321 2354 ‚a

209 2359 297 2435 Diei
315 2363 443 2437 beatus
459 2369 543 2437 ante
560 2360 703 2436 obitum
721 2386 829 2448 nemo
846 2361 972 2436 debet.
1319 2369 1320 2446 Ξ

132 2512 136 2519 -
189 2459 371 2558 ·AEquam
388 2468 572 2537 memento
582 2457 694 2537 rebus
706 2461 743 2537 in
757 2461 880 2559 arduis
893 2484 1038 2536 servare
1049 2467 1221 2536 mentem.

582 2733 836 2848 Coryuiretiona

209 2931 314 3007 Deus
333 2930 432 3042 aelus
450 2938 572 3028 potest
589 2957 669 3008 esee
685 2931 909 3008 architectus
932 2938 972 3008 et
990 2939 1115 3006 rector
1133 2931 1220 3008 eoeli

206 3131 230 3204 J
235 3039 497 3244 ustiiiittiirrieus
523 3140 579 3208 est
606 3132 770 3208 omnium
802 3131 980 3208 virtutium
1005 3129 1155 3208 domina
1181 3138 1220 3204 et

303 3249 438 3327 regina.
674 3253 676 3258 ’
