2644 4000
623 109 671 206 aa

187 325 348 419 Divillas
361 329 611 424 contemnere,
625 343 664 410 et
677 359 745 431 pro
760 288 874 408 nihile
885 329 1038 420 ducere,
1054 329 1152 434 mag-

137 431 175 506 ul
191 434 303 508 animi
321 446 358 532 et
375 435 514 510 excelsi
531 440 598 512 esta

137 620 368 710 Pendentem
387 609 718 730 summs‘capr'eam
737 636 784 708 de
803 623 1081 731 ropevidebls3

189 735 365 811 Casuram
383 757 519 832 speres,
537 733 677 831 de'cip'lt
694 735 757 807 llla
775 737 895 808 caries.

184 935 414 1022 Alexander,
430 937 528 1010 victo
543 939 644 1034 apud
657 935 776 1030 Issum
792 934 921 1020 Dario,
937 935 983 1006 ad
1001 942 1156 1011 matrem

136 1035 414 1134 conjugemque
436 1037 518 1133 ejus
536 1035 711 1137 praemisit
739 1037 921 1132 quosdam
943 1060 964 1108 e
983 1034 1068 1120 stris,
1086 1033 1156 1131 qni
1273 1071 1277 1082 ‹

136 1137 353 1208 nunciarent
368 1136 490 1232 ipsum
503 1138 630 1212 venire
645 1138 690 1208 ad
705 1161 766 1210 eas
779 1135 969 1214 visendas:
989 1157 1155 1232 moxque

135 1249 264 1308 aarum
283 1237 564 1312 tabernaculum
591 1236 740 1310 intravit
766 1259 851 1308 cnm
872 1231 1154 1332 Hephaestione.
1224 1316 1226 1322 ,

134 1331 173 1407 Is
200 1333 366 1410 omnium
394 1337 598 1412 amicorum
627 1334 836 1410 carissimus
862 1345 942 1410 erat
968 1334 1062 1434 regi,
1091 1331 1155 1408 sed

136 1435 304 1531 corporis
330 1435 458 1510 habitu
486 1438 694 1536 praestabat.
749 1434 853 1532 Ergb
872 1435 1022 1531 reginae,
1049 1433 1156 1508 illum

135 1557 264 1632 regem
281 1559 361 1610 esse
379 1546 481 1624 ratae,
508 1539 705 1611 Persarum
732 1560 834 1608 more
861 1543 1046 1624 veneratae
1061 1541 1157 1608 sunt.

1 1635 2 1644 ’
136 1632 243 1720 Inde,
260 1639 395 1712 erroris
413 1637 612 1722 admonita,
640 1633 880 1734 Sysigambis,
905 1632 1012 1710 Darii
1029 1643 1159 1719 mater,

136 1731 314 1809 advoluta
330 1744 386 1810 est
403 1738 562 1832 pedibus
580 1735 801 1820 Alexandri,
816 1732 1084 1831 ignorationem
1098 1757 1161 1806 ex·
1205 1739 1209 1746 “

137 1852 277 1908 cusans.
331 1835 457 1916 Quam
476 1838 538 1912 ille
562 1858 673 1911 manu
691 1837 874 1908 allevans:
903 1832 990 1904 Non
1011 1831 1160 1919 errasti,

66 1992 67 1995 ,
136 1931 272 2030 inquit,
289 1945 419 2021 mater,
437 1961 520 2011 nam
538 1936 653 2012 et-lric
673 1933 891 2008 Alexander
907 1941 974 2026 est.
1097 2015 1114 2061 ι
1208 1994 1212 2000 .

292 2133 368 2210 Hic
386 2158 513 2216 murus
531 2140 693 2213 aheneus
712 2145 806 2222 esto,

1 2319 3 2329 k
137 2231 206 2307 Nil
223 2235 389 2312 conscire
407 2241 488 2327 sibi,
507 2240 609 2314 nullia
628 2237 832 2334 pallescere
851 2233 990 2332 eulpa
1087 2285 1089 2292 ,

190 2433 286 2510 Cirm
303 2435 460 2510 Publius
488 2434 657 2511 Rutilius
685 2432 811 2511 Rufus
838 2433 949 2510 amici
968 2431 1163 2531 cujusdam

1 2546 11 2624 s'·
138 2535 285 2632 injuste
299 2537 481 2634 rogationi
499 2537 697 2624 resisteret,
712 2545 828 2636 atque
847 2537 876 2610 is
894 2556 960 2632 per
982 2549 1162 2610 summan
1202 2621 1206 2630 1

74 2660 82 2718 1
136 2635 429 2734 indignationem
448 2637 623 2714 dixisset:
652 2637 757 2719 Quid
776 2639 868 2736 ergo
886 2636 975 2711 mihi
987 2658 1088 2730 opus
1106 2637 1163 2706 est

101 2816 103 2826 ,
139 2736 302 2814 amicitis
319 2738 397 2824 tud,
416 2737 457 2825 si,
475 2742 578 2836 qnod
596 2757 701 2836 rogo,
720 2761 791 2812 non
810 2735 926 2813 lacisl
979 2735 1073 2819 lmo,
1091 2755 1165 2805 res·

139 2837 271 2936 pondit
289 2839 468 2924 Rutilius,
495 2841 588 2938 quid
616 2838 801 2924 minitas,
827 2838 858 2912 si
871 2843 1031 2936 propter
1047 2839 1085 2908 te
1102 2831 1168 2905 ali·

60 3035 72 3061 &
125 2937 235 3036 quid
253 2937 386 3038 inJ'nste
406 2939 530 3015 facere
549 2965 608 3015 me
627 2937 825 3036 oporteat?

142 3137 296 3212 Summa
313 3137 407 3235 petit
425 3138 540 3214 livor:
571 3139 727 3236 perflant
744 3137 919 3214 altissima
939 3133 1041 3210 venti
1057 3163 1067 3219 ;

143 3306 147 3313 .
193 3235 345 3315 somma
360 3247 494 3338 petunt
511 3241 645 3318 dextrat
663 3239 817 3362 fulmina
835 3239 943 3312 missa
971 3233 1087 3308 iovis.
