2644 4000
679 82 757 237 re

231 323 461 408 Ciceronem,
479 332 634 399 mortem
654 322 797 397 ‘Tulliae
831 345 911 395 suaa
931 316 1130 414 lugentem,
1145 323 1211 396 his
1267 343 1271 358 ‘
1304 370 1308 378 ,

91 461 95 468 -
184 423 302 496 verbis
313 423 516 522 consolatur
534 422 682 510 Servius
695 420 903 518 Sulpicius:
927 419 1028 500 Quae
1047 421 1209 496 reemihi

183 545 251 592 nou
285 521 505 614 mediocrem
539 520 822 593 consolationem
852 517 984 602 attulit,
1026 521 1109 593 volo
1138 519 1208 592 tibi

181 641 481 702 commemorare,
506 618 533 688 ei
563 616 656 690 sorte
691 620 820 692 eadem
855 642 913 690 res
946 616 1009 690 tibi
1037 618 1205 692 minuere

180 717 344 798 dolorem
375 715 705 812 possit.--—Ex
740 715 832 792 Asici
862 713 1015 802 rediens.
1042 716 1127 792 com
1156 717 1205 790 ab

180 814 315 908 AEginal
334 815 525 912 Megaram
546 813 668 888 versis
686 815 907 908 navigarem,
919 815 1017 912 coepi
1036 816 1205 904 regiones

179 913 421 986 circumcirca
451 909 671 1007 prospicere·
733 912 826 986 'Post
857 938 915 987 me
946 925 1022 988 erat
1055 912 1204 1006 AEgiua,

122 1085 125 1092 ,
178 1023 261 1085 ante
289 1012 453 1105 Megara,
480 1010 609 1085 dextrrl
637 1010 787 1097 Piraeus,
813 1011 953 1087 sinistrrl
981 1011 1203 1096 Corinthus;
1315 1065 1316 1090 n

179 1133 266 1207 quae
277 1109 412 1207 oppida
426 1111 587 1206 quodam
601 1119 765 1204 ternpore
777 1110 1031 1204 florentissima
1042 1109 1203 1196 luerunt,
1315 1121 1316 1164 ³

178 1233 275 1282 nunc
290 1217 468 1303 prostrata
482 1231 524 1278 ac
537 1207 659 1279 diruta
670 1218 752 1282 unte
766 1209 896 1281 oculos
904 1207 1042 1305 jacent.
1063 1275 1075 1282 .
1093 1208 1203 1304 Coepi

177 1316 324 1401 egomet
344 1331 488 1380 mecum
506 1305 556 1403 sic
574 1305 759 1398 cogitare:
779 1305 892 1392 Hem,
909 1331 972 1379 nos
984 1306 1199 1381 homunculi

178 1403 421 1499 indignamur,
433 1403 556 1500 siquis
569 1400 729 1478 nostrdm
743 1403 891 1489 interiit,
903 1415 968 1478 aut
981 1405 1200 1490 occisusest,

131 1517 135 1534 ¹
176 1527 338 1602 quorum
356 1501 431 1574 vita
448 1501 596 1574 brevior
614 1521 690 1574 esse
709 1503 830 1586 dehet,
850 1503 934 1576 crim
955 1528 1029 1576 uno
1048 1503 1129 1590 loco
1148 1512 1202 1578 tol

176 1602 397 1697 oppidorum
412 1600 601 1698 ,cadavera
627 1601 790 1698 projecta
810 1597 984 1696 jaceanll
1013 1601 1130 1682 Visne
1158 1616 1199 1676 tu

176 1710 225 1782 te,
244 1697 362 1783 Servi,
379 1698 564 1782 cohibere,
582 1707 618 1770 et
637 1698 840 1772 meminisse
863 1699 1047 1774 hominem
1065 1713 1100 1774 te
1118 1724 1197 1776 esse

130 1862 133 1871 .
177 1809 299 1876 natum
313 1781 497 1868 l—Grede
523 1793 633 1868 milri:
656 1797 881 1894 cogitatione
907 1795 952 1872 ed
971 1823 1044 1872 non
1059 1799 1197 1872 medio-

175 1895 284 1970 criter
302 1919 380 1967 sum
399 1894 644 1986 confirmatus·

67 2080 68 2088 ἵ
178 2092 259 2190 lpsa
276 2092 385 2165 etiarn
404 2092 551 2168 veniens
568 2087 746 2164 consumit
765 2118 849 2166 saxa
867 2102 1046 2168 vetustas:

224 2188 273 2264 Et
294 2191 434 2263 nullum
452 2199 519 2276 est,
536 2193 637 2287 quod
657 2214 727 2262 non
745 2200 910 2289 tempore
927 2194 1045 2277 cedar,
1059 2191 1163 2286 opus.

195 2449 200 2459 ,
224 2388 317 2462 cum
330 2388 366 2461 in
380 2387 539 2484 plriditiis
554 2385 919 2464 Lacedaemoniorum
934 2397 1109 2485 tyrannus
1123 2409 1196 2458 coe·
1286 2434 1289 2442 ‚

174 2487 332 2560 navisset
349 2485 563 2580 Dionysiae,
579 2488 722 2580 negavit
735 2513 773 2566 aa
781 2489 867 2584 jure
886 2488 950 2559 illo
969 2489 1085 2583 nigro,
1096 2486 1196 2582 quod

173 2608 286 2658 coenae
313 2597 423 2680 caput
449 2593 540 2669 erat,
565 2583 800 2661 delectatum.
865 2583 1026 2670 Tum-is,
1051 2585 1116 2680 qui
1137 2584 1198 2656 illa

105 2753 107 2762 .
173 2694 320 2757 coxerat
339 2708 346 2755 :
367 2681 514 2755 minime
534 2681 666 2756 mirum
680 2712 690 2768 ;
706 2684 937 2757 condimenta
954 2683 1051 2756 enim
1070 2683 1199 2755 delue-

16 2761 19 2766 ”
69 2804 72 2810 ’
172 2793 266 2855 runt.
311 2777 820 2880 Quaetandemlinquitille.
863 2779 1197 2864 Laborinrenatu,

171 2885 293 2964 sudor,
317 2902 444 2950 cursus
468 2880 511 2950 ad
540 2877 732 2964 Eurotam,
752 2879 875 2966 lamas,
901 2878 999 2951 sitis:
1027 2877 1081 2950 his
1098 2878 1196 2952 enirn
1266 2888 1268 2892 '

171 2980 282 3084 rebus
300 2970 664 3051 Lacedaemoniorum
683 2979 805 3073 epulae
823 2977 1057 3052 condiuntur.
1139 3024 1146 3039 ·

170 3174 332 3249 Homine
351 3173 520 3270 imperito
535 3199 721 3271 nunquam
741 3172 945 3272 quidquam
965 3143 1142 3272 injustius3

156 3272 261 3361 uui,
280 3269 346 3348 nisi
362 3276 463 3372 quod
480 3270 560 3368 ipse
581 3272 679 3360 lacit,
698 3271 746 3348 nil
768 3285 911 3350 rectum
928 3286 1044 3372 putat.

268 3511 276 3540 Ι
