2644 4000
588 82 657 162 ’107

114 299 180 406 qui
197 298 281 376 sunl
297 300 428 376 revers
454 279 815 364 Christiani--Hae‘c
833 287 887 356 est
901 289 1048 355 xsuruur'u
1065 293 1127 366 em
1163 300 1168 306 ’

115 426 196 482 rum
214 397 372 477 erroris:
399 394 515 468 solent
535 400 628 462 stato
653 388 714 461 die
737 391 820 457 ante
850 384 1131 456 lucemconre·

1 511 2 560 ἒ
115 504 192 582 nire
206 533 218 591 ;
234 520 461 593 carmenque
480 490 663 572 Ouursro,
681 484 787 584 quasi
808 483 908 566 Deo,
934 480 1058 552 dicere
1077 503 1132 550 se·

1 599 29 632 l*
115 630 202 683 curn
229 600 412 678 iniicem;
442 615 557 688 seque
581 594 821 668 sacramento,
850 603 920 655 non
948 580 983 653 ln
1010 577 1131 652 scelus

1 690 3 720 ³
116 704 283 803 aliquod,
309 695 554 788 obstringere,
580 690 643 761 sed
672 711 716 760 ne
735 683 909 766 l'urta,'ne
929 677 1132 764 latrocinia,

1 815 2 820 ’
26 833 28 836 ·
118 831 164 884 ne
182 798 363 877 adulteria
380 789 621 872 committant,
637 812 680 860 ne
696 785 809 858 fidem
828 781 951 854 fallant
968 805 976 854 :
994 777 1134 876 quibus

119 902 291 1004 peractis,
310 921 387 972 mos
405 892 475 966 illis
493 886 707 963 discedendi
734 895 801 970 est,
829 904 1031 977 rursusque
1050 901 1152 950 coe·¹

119 1005 208 1079 undi
226 1003 270 1074 ad
290 997 509 1093 capiendum
529 988 667 1072 cibum,
683 983 933 1082 promiscuum
946 992 1079 1061 tamen,
1096 983 1136 1050 et

120 1101 322 1178 innoxium.
386 1091 502 1166 Multi
532 1087 649 1162 omnis
680 1083 807 1169 aetatis,
837 1080 955 1155 omnis
985 1077 1136 1164 ordinis,

119 1203 315 1296 utriusque
347 1198 457 1270 sexus
486 1189 609 1272 etiarn,
638 1195 817 1286 rorantur
846 1181 882 1254 io
915 1179 1136 1276 periculum.

120 1301 260 1399 Neque
278 1295 376 1372 enim
394 1290 732 1370 estrumentum,
757 1284 819 1355 sed
838 1282 939 1354 viros
956 1279 1067 1354 etiam
1086 1284 1138 1348 at·

120 1421 197 1500 que
216 1419 324 1489 agros
341 1386 609 1489 superstitionis
628 1386 730 1458 istius
748 1381 920 1473 contagio
939 1386 1138 1475 pervagata

122 1513 192 1578 e'st.
244 1497 354 1570 Certe
383 1490 468 1564 satis
495 1496 648 1570 constat,
675 1507 792 1579 prope
813 1480 890 1575 jam
919 1487 1040 1551 nostra
1058 1499 1137 1549 esse

45 1613 49 1622 ⁴
121 1597 286 1674 desolata
303 1593 452 1686 templa,
479 1597 517 1660 et
538 1610 639 1656 sacra
659 1579 834 1654 solemnia
851 1578 914 1651 diu
934 1575 1139 1651 intermissa

121 1725 215 1782 esse,
231 1707 270 1771 et
288 1692 519 1767 victimarum
540 1683 761 1756 rarissimum
776 1689 956 1752 emtorern
972 1674 1138 1751 inveniri.
1163 1742 1165 1748 .

122 1799 216 1880 Visa
233 1807 287 1872 est
307 1793 418 1892 igitur
437 1786 525 1862 mibi
546 1809 603 1858 res
620 1785 731 1882 digna
748 1778 1030 1853 consultatione.

124 1997 266 2070 Cervus
283 2014 437 2089 equum,
453 1989 576 2085 pogna
591 1985 733 2069 melior,
747 1978 1006 2072 communibus
1019 1975 1142 2051 herbis

124 2095 317 2170 Pellebat:
344 2093 464 2164 donec
482 2087 599 2161 minor
617 2085 652 2157 in
670 2079 871 2158 certamine
890 2082 1001 2175 longo

123 2193 343 2289 Imploravit
360 2213 450 2286 opes
469 2184 635 2266 bominis,
654 2182 889 2278 lraenumque
910 2177 1062 2275 recepit.
1155 2190 1158 2194 '

128 2293 203 2366 Sed
223 2303 420 2386 postquam
440 2285 558 2357 vietor
577 2283 718 2354 violeus
735 2279 898 2355 discessit
918 2280 964 2352 ab
984 2281 1099 2364 lroste,

127 2389 214 2466 Non
233 2387 400 2485 equitem
418 2386 540 2467 dorso,
561 2407 631 2456 non
650 2381 806 2458 fraenum
824 2378 969 2477 depulit
986 2403 1065 2453 ore.

127 2488 191 2568 Sic
209 2489 287 2586 qui,
307 2483 522 2583 pauperiem
542 2483 705 2569 veritus„
712 2485 856 2578 potiore
875 2476 1032 2553 metallis
1217 2555 1222 2562 ,

125 2587 317 2662 Libertate
335 2596 448 2667 caret,
469 2583 659 2656 dominum
679 2592 787 2656 rebel
808 2579 1011 2676 improbus,
1028 2586 1143 2674 atque

128 2689 277 2764 Serviat
296 2689 487 2768 aternum,
506 2682 596 2781 quia
613 2685 728 2778 parvo
746 2680 886 2755 nesciet
906 2679 972 2752 uti.

144 2919 147 2923 ¹
180 2889 294 2984 Apud
314 2883 601 2980 Xenophontem
617 2882 777 2955 moriens
792 2878 914 2975 Cyrus
932 2877 1050 2975 major
1066 2877 1146 2956 baec

89 3047 98 3072 .,
128 2985 243 3061 dicit:
270 2985 399 3059 Nolite
425 2980 606 3067 arbitrari,
625 2981 659 3054 Ο
679 2980 765 3054 mibi
784 2977 961 3052 carissimi
979 2977 1057 3063 lilii,
1075 3003 1147 3068 me,
1254 2995 1256 2998 ’

129 3091 215 3164 cum
231 3111 252 3158 a
266 3086 370 3158 vobis
384 3086 599 3167 discessero,
612 3105 806 3179 nusquam,
821 3090 882 3156 aut
900 3078 1040 3151 nullum
1053 3077 1147 3152 lore.

130 3183 215 3260 Nec
233 3185 344 3269 enim,
370 3186 459 3258 dum
485 3185 585 3256 e'ram
614 3180 818 3266 vobiscum,
844 3178 1005 3252 animum
1022 3203 1149 3254 meum

128 3285 333 3460 videbaDtip:
365 3286 427 3359 sed
454 3304 542 3358 eum
566 3307 646 3358 esse
676 3282 712 3356 in
738 3283 809 3355 boe
834 3303 1005 3379 corpore,
1031 3278 1148 3356 exiis
1239 3362 1242 3368 ,

278 3409 320 3458 e.
648 3405 670 3456 1³
809 3392 813 3399 '
